2768 4852
154 315 197 377 84
529 308 704 396 Emonia
725 308 979 396 Desauwtoruos.

215 495 349 570 Benigne
368 492 423 565 fac,
439 489 576 563 Domine,
597 490 630 548 in
651 491 729 550 bona
748 489 904 551 voluntate
923 498 985 566 tus,
1008 491 1099 551 Sion:
1119 498 1158 551 ut
1177 491 1360 551 adffioentur

154 592 232 649 muri
247 590 421 649 Jerusalem.

214 688 298 744 Tunc
319 686 484 762 acceptabis
505 676 680 743 sacrificium
696 685 833 760 justitiae,
848 685 1011 744 oblationes
1028 693 1060 744 et
1073 685 1268 744 holocauste:
1289 694 1359 745 tunc

153 785 309 860 imponent
322 800 410 857 snper
423 780 517 838 altare
530 785 617 837 tunm
631 779 750 838 vitulos.

216 878 363 954 Requiem
378 883 526 934 uternam.

215 1031 396 1106 Antiphone.

154 1124 1269 1272 Q

227 1302 506 1360 Exul-tabunt
531 1300 716 1358 Domi-uo
749 1320 853 1359 oasa
886 1300 1202 1361 humili-ata.

216 1455 395 1531 Anaplous.

217 1722 405 1793 Ex-au-di,
432 1722 621 1779 Domi-nc.

855 1850 1299 1918 .E·V·O·V-A-E.

216 1930 356 1988 Paulinus
369 1931 476 2008 (laio.)

216 2026 258 2082 Tc
272 2027 356 2083 decct
376 2027 513 2103 hymnus,
530 2026 621 2098 Deus,
643 2026 675 2082 in
694 2025 766 2083 Sion
776 2046 785 2098 ;
810 2032 841 2083 et
858 2025 915 2082 tibi
936 2026 1078 2084 reddetur
1096 2033 1204 2085 votum
1225 2030 1259 2087 in
1276 2030 1298 2088 J
1300 2049 1359 2087 eru·

156 2120 256 2177 salem.

218 2216 339 2273 Exaudi
353 2217 519 2274 orationem
532 2235 628 2274 meam
639 2237 648 2287 3
670 2216 707 2273 ad
722 2222 751 2273 te
765 2215 861 2273 omnis
874 2235 942 2273 caro
956 2217 1064 2275 veniet

218 2312 320 2369 Verba
342 2313 513 2389 iniquorum
535 2312 756 2387 praevaluerunt
778 2330 868 2387 super
885 2331 938 2370 nos
947 2333 957 2386 ,·
978 2318 1010 2370 et
1026 2313 1237 2390 impietatibus
1256 2315 1356 2373 nostris

158 2416 192 2467 tu
207 2409 421 2486 propitiaberis.

218 2506 339 2577 Beatus,
356 2525 442 2580 quom
458 2505 580 2580 elegisti,
597 2511 627 2561 et
640 2504 844 2580 assumpsisti:
864 2504 1046 2562 inhabitabit
1059 2505 1091 2562 in
1105 2507 1193 2564 atriis
1208 2508 1278 2566 tuis„

221 2602 414 2677 Replcbiniur
441 2601 473 2656 in
500 2601 586 2656 bonis
613 2600 717 2657 domus
744 2606 822 2671 tuae3
856 2607 991 2658 sanctum
1017 2607 1063 2658 est
1090 2602 1241 2678 templum
1269 2613 1355 2669 tuum,

159 2697 293 2753 mirabile
308 2698 339 2752 in
354 2696 501 2770 acquitate.

219 2794 338 2849 Exaudi
353 2813 414 2862 nos,
431 2794 521 2863 Deus,
537 2792 674 2848 salutaris
688 2799 806 2864 noster3
827 2811 892 2868 spes
907 2795 1039 2851 onmium
1053 2795 1160 2852 finium
1174 2801 1274 2870 terrae,
1289 2806 1317 2856 et
1329 2797 1353 2852 in

160 2888 234 2944 muri
249 2888 341 2964 longo.

219 2984 393 3058 Prrcparans
414 2989 527 3039 montes
542 2984 573 3038 in
588 2983 700 3040 virtute
720 2989 782 3054 tua,
797 2984 944 3041 accinctus
963 2987 1116 3061 potentia:
1137 2988 1192 3064 qui
1206 2991 1352 3048 conturbes

160 3078 339 3154 profundum
354 3080 452 3149 inuria,
467 3098 570 3135 sonum
585 3078 728 3135 fluctuum
744 3080 814 3154 ojus.

221 3176 434 3232 Turbalnrntur
448 3183 559 3251 gentes,
572 3180 602 3230 ct
612 3176 762 3232 timebunt
773 3177 825 3250 qui
839 3177 976 3234 habitant
989 3179 1133 3238 terminos
1146 3200 1165 3238 a
1178 3181 1273 3259 signis
1286 3181 1351 3239 tuis:

160 3271 259 3328 exitus
273 3273 424 3341 matutini,
438 3278 468 3327 ct
483 3290 603 3346 vespere
617 3272 782 3328 delectabis

220 3368 360 3423 Visitusti
373 3375 491 3437 terrum,
508 3374 537 3423 ct
552 3367 705 3424 inebriasti
718 3387 800 3425 cam:
822 3370 1027 3445 multiplicasti
1041 3371 1226 3448 locupletare
1239 3394 1308 3434 eam

221 3464 344 3520 Flumen
362 3465 419 3520 Dci
433 3465 578 3540 rcplctnm
600 3470 645 3520 cst
665 3466 758 3541 aquis,
773 3468 884 3540 parasti
901 3467 999 3524 cibum
1019 3467 1150 3543 illorum,
1165 3473 1305 3546 quoniam
1316 3470 1350 3526 iu

158 3566 202 3616 est
216 3562 391 3635 praeparatio
406 3561 476 3634 ujus.

219 3656 311 3712 ltivos
338 3658 401 3731 ejus
428 3657 551 3726 inebria,
579 3657 746 3733 multiplica
772 3659 922 3734 genimina
949 3662 1021 3737 ojus,
1049 3662 1083 3719 in
1110 3663 1273 3723 stillicidiis
1298 3666 1348 3739 ejus
1383 3647 1384 3650 Ἴ

157 3753 308 3810 laetabitur
321 3754 496 3828 germinans.

218 3850 377 3906 Benediccs
399 3868 511 3906 coronae
534 3851 604 3906 :runi
627 3851 820 3928 benignitatis
839 3859 898 3911 tuac
909 3873 917 3924 3
941 3858 972 3910 et
985 3853 1082 3928 campi
1101 3855 1149 3912 tui
1169 3856 1349 3934 replebimini·

157 3947 300 4004 ubertate.

216 4043 415 4119 Pinguescent
428 4042 557 4117 speciosa
570 4043 687 4114 deserti,
704 4050 734 4101 et
748 4044 933 4104 exultatione
947 4047 1034 4104 colles
1047 4047 1253 4127 accingentur.

216 4140 322 4196 Induti
347 4147 416 4196 sunt
438 4139 545 4195 arictes
567 4142 676 4212 ovium,
693 4148 724 4199 et
738 4143 829 4200 valles
847 4144 1042 4202 abundabunt
1063 4146 1239 4211 frumento:
1260 4151 1346 4210 clam*

158 4234 241 4304 bunt,
257 4235 366 4292 etenim
380 4235 524 4310 hymnum
538 4235 644 4293 dicent.

217 4327 362 4403 Requiem
377 4339 524 4389 artemam.
