2768 4852
375 321 719 387 Maruuateadusum
733 320 869 388 Sarum
1169 326 1229 389 45·

69 508 201 561 mamus,
215 494 252 546 ut
265 488 345 546 hune
359 487 504 546 famulum
516 492 605 545 tuum
618 486 658 544 N.
669 507 757 563 quem
770 487 803 544 in
816 487 936 545 nomine
950 493 1003 545 tuo
1011 487 1114 546 visitat
1128 494 1229 547 nostra

69 571 177 663 gilitss,
194 575 318 628 exorata
339 568 491 628 medicina
508 574 568 626 tuse
590 567 704 625 medela
724 568 813 626 eitius
836 568 960 626 sanitati
980 568 1127 627 restituat.
1171 569 1230 628 Per

69 656 219 790 mira
264 728 374 788 Oratio.

87 810 282 950 ἓέιιίροιιιιε
295 810 472 887 sempiterne
486 808 578 882 Deus,
593 807 648 886 qui
660 808 808 883 subvenis,
823 816 849 868 ιι
863 817 954 868 cetera
966 817 1116 886 utsupra,
1130 829 1157 887 p.
1179 810 1227 871 46.

149 911 221 949 mus

88 972 206 1028 Exaudi
229 990 294 1042 nos,
317 970 504 1046 omnipotens
525 975 557 1027 et
577 969 744 1027 misericors
764 969 856 1042 Deus,
870 974 901 1036 et
921 970 1122 1032 visitationem
1146 976 1230 1030 tuam
1321 1021 1323 1025 ,

69 1053 160 1110 nferre
184 1052 313 1128 digneris
336 1070 425 1127 super
447 1050 527 1108 hunc
551 1049 695 1107 famulum
719 1055 805 1107 tuum
832 1050 870 1108 N.
894 1069 982 1126 quem
1003 1051 1120 1109 diversa
1139 1058 1230 1110 vexat

69 1131 194 1189 irmitas.
249 1132 353 1189 Visita
380 1150 457 1201 eum,
483 1131 621 1201 Domine,
649 1131 726 1188 siout
751 1130 874 1188 visitare
901 1130 1040 1206 dignatus
1063 1150 1230 1190 esseorum

71 1212 123 1284 tri,
155 1231 339 1290 puerumque
370 1211 563 1282 centurionis,
590 1217 621 1268 et
652 1210 776 1268 Tobiam
809 1216 841 1268 et
874 1210 978 1268 Suram
1011 1231 1066 1287 per
1095 1218 1230 1270 sanctum

69 1293 166 1370 gelum
189 1299 277 1350 tuum
298 1291 489 1368 Raphaelem.
532 1289 671 1348 Restitue
691 1290 724 1346 in
738 1310 782 1362 eo,
799 1291 936 1362 Domine,
951 1292 1108 1367 pristinam
1122 1292 1230 1351 sanita-

69 1390 109 1432 n:
130 1381 165 1431 ut
186 1379 336 1431 mereatur
355 1373 387 1428 in
407 1372 485 1429 atrio
499 1371 603 1428 tlemus
623 1376 684 1428 tuse
702 1371 807 1441 dicere,
830 1371 984 1446 Castiguns
1002 1372 1159 1448 castigavit
1181 1393 1230 1431 me

69 1454 187 1525 minus,
209 1459 240 1511 et
263 1452 355 1510 morti
379 1471 439 1509 uon
460 1451 586 1510 tradidit
606 1469 661 1508 me.
704 1451 843 1508 Salvator
862 1452 976 1524 mundi,
997 1451 1145 1521 Quicum
1164 1452 1230 1512 Deo

69 1540 129 1604 tre,
155 1540 186 1591 ct
214 1533 329 1611 Spiritu
354 1533 462 1590 Sancto
486 1532 564 1589 viris
590 1536 622 1589 et
648 1550 754 1608 regnas
780 1530 872 1589 Deus.
924 1532 984 1589 Per
1006 1534 1106 1591 omnia
1126 1534 1231 1592 soecula

69 1615 209 1672 talorum.
252 1614 361 1671 Amen.

90 1695 200 1754 Oratio.
243 1694 334 1766 Deus,
349 1693 402 1770 qui
418 1691 531 1751 famulo
544 1697 598 1749 tuo
612 1691 753 1766 Ezechiae,
767 1701 794 1750 ιι
807 1702 898 1752 cetera
911 1702 1058 1770 utsupra,
1073 1714 1101 1771 p.
1119 1694 1165 1753 46.

89 1775 202 1836 Oratio.
244 1775 377 1850 Respice,
402 1792 579 1850 quaesumus,
604 1773 741 1848 Domine,
762 1773 906 1832 famulum
930 1780 1026 1848 tuum,
1040 1785 1067 1834 ιι
1086 1784 1176 1835 cetera
1195 1783 1231 1836 m

69 1876 127 1931 ara,
165 1899 172 1912 .
189 1854 236 1912 46.

89 1875 203 1995 Orallio.
245 1935 337 2007 Deus,
352 1935 405 2011 qui
417 1935 539 1992 sactiuae
552 1938 622 2005 tuse,
638 1941 665 1991 ιι
679 1941 770 1992 cetera
783 1943 816 1990 ut
830 1953 930 2009 supra,
943 1955 971 2011 p.
988 1934 1036 1994 47.

88 2017 202 2076 Oratio.
245 2016 407 2072 Virtutum
419 2014 581 2072 caelestium
595 2014 686 2086 Deus,
701 2020 728 2071 et
742 2021 831 2072 cetera
844 2024 879 2071 ut
891 2035 991 2090 surpra,
1007 2035 1034 2092 p.
1052 2015 1099 2075 47.

89 2096 205 2156 Oratio.

85 2177 230 2248 Domine,
258 2180 358 2233 sanate
385 2174 484 2247 Pater,
506 2173 693 2250 omnipotens
713 2180 822 2231 selerne
847 2174 938 2247 Deus,
963 2176 1016 2252 qui
1038 2175 1231 2252 fragilitatem

69 2258 209 2317 editionis
223 2257 368 2328 humanae,
383 2262 409 2314 et
422 2263 513 2313 cetera
525 2262 674 2330 utsupra,
688 2273 716 2331 p.
732 2254 780 2314 47.
899 2316 904 2323 ,

86 2339 227 2399 Oramus
264 2336 373 2395 Oratio.
410 2334 546 2412 Respice,
557 2334 694 2406 Domine,
706 2334 743 2392 de
756 2334 835 2406 eaelo,
845 2344 870 2393 et
881 2343 971 2393 cetera
985 2344 1020 2392 ιιι
1032 2355 1134 2411 supra,
1144 2357 1171 2413 p.
1183 2339 1229 2397 41.

85 2418 224 2477 *Danda
235 2418 415 2493 priusquam
431 2422 565 2491 armatur
581 2415 728 2490 infirmus,
745 2424 800 2473 aut
817 2416 1052 2488 ccrnmursicetar,
1072 2417 1232 2478 erlcertetur

69 2521 93 2560 m
109 2498 250 2559 Sacerdos
262 2497 314 2555 laec
327 2497 427 2555 modm

87 2579 201 2640 Frater
220 2577 389 2635 carissime:
420 2575 540 2634 Gratius
560 2593 613 2652 age
634 2575 833 2652 omnipotenti
856 2575 921 2634 Deo
948 2596 1001 2652 pro
1024 2576 1171 2635 universis
1191 2576 1232 2658 ›1‹

69 2658 180 2720 reficiis
188 2659 258 2730 suia,
272 2657 422 2735 patienter
434 2661 465 2714 et
477 2656 774 2734 benignesuscipiens
786 2656 991 2714 infirmitatem
1006 2658 1134 2732 eorporis
1145 2677 1233 2734 quam

69 2743 84 2800 i
108 2739 192 2797 Deus
211 2739 357 2795 immisit:
380 2756 450 2794 nam
473 2737 500 2795 si
518 2736 614 2814 ipsam
632 2736 788 2794 humiliter
806 2737 869 2793 sine
887 2755 1038 2794 murmure
1051 2736 1232 2814 toleraveris,

69 2823 123 2880 'ert
134 2819 240 2876 animae
254 2825 314 2875 tuse
328 2817 493 2875 maximum
506 2817 660 2894 praemium
680 2822 710 2874 et
728 2817 862 2874 salutem.
905 2816 955 2889 Et,
970 2817 1062 2874 frater
1075 2818 1232 2894 carissime,

69 2904 101 2960 ia
116 2900 197 2957 siam
211 2898 355 2956 universae
369 2898 465 2956 carnis
477 2898 662 2973 ingressurus
676 2916 714 2969 es,
730 2903 793 2954 esto
806 2897 909 2953 firmus
922 2897 955 2954 in
973 2897 1036 2954 fide.
1080 2897 1139 2967 Qui
1153 2900 1232 2958 enim

69 3003 89 3041 n
109 2986 158 3038 est
174 2979 277 3037 firmus
295 2980 328 3037 in
349 2979 416 3051 fide,
431 2978 559 3036 infidelis
577 2983 641 3035 est:
663 2982 695 3035 et
712 2977 776 3035 sine
793 2977 851 3035 fide
868 2977 1047 3053 impossibile
1061 2987 1106 3036 est
1119 2978 1233 3055 plaeere

69 3082 106 3122 ιο.
151 3059 193 3118 Et
212 3060 279 3119 ideo
302 3061 328 3118 si
350 3060 450 3118 salvus
470 3077 532 3117 esse
553 3057 691 3127 volueris,
705 3063 775 3115 aute
796 3058 897 3115 omnia
915 3078 988 3134 opus
1010 3064 1055 3116 est
1076 3064 1112 3117 ut
1131 3065 1233 3119 teneas

69 3139 218 3200 thelicam
231 3141 334 3199 fidem:
358 3159 447 3216 quam
460 3138 520 3197 nisi
533 3138 681 3215 integram
691 3137 923 3215 inviolatamque
937 3139 1107 3212 servaveris,
1122 3141 1232 3218 absque

69 3223 124 3282 bio
137 3221 172 3279 in
185 3228 325 3279 aeternam
338 3220 456 3298 peribis.

90 3301 207 3361 Deinde
230 3302 337 3360 bonu-m
359 3308 386 3359 ιι
405 3299 489 3358 vacce
508 3297 659 3375 expediens
678 3306 718 3356 cst
737 3307 772 3356 ιιι
791 3298 931 3358 Sacerdos
950 3301 1093 3377 exprimat
1115 3302 1233 3376 infirmo

69 3383 108 3461 tj.
135 3381 274 3440 articulos
288 3379 384 3456 fidei:
417 3399 544 3455 quorum
567 3377 615 3454 m‘j.
635 3379 732 3454 primi
755 3379 797 3438 ad
818 3381 988 3455 mysterium
1013 3382 1178 3454 Trinitatis,
1205 3392 1233 3442 ιι

69 3467 79 3522 ’.
100 3462 158 3520 alii
175 3463 216 3519 ad
234 3460 346 3520 Christi
364 3460 578 3518 humanitatem
590 3459 759 3534 pertinent:
778 3469 813 3517 ut
836 3462 863 3518 si
875 3461 957 3534 forte
974 3463 1064 3537 prius
1081 3463 1115 3519 ia
1132 3463 1232 3538 alr'rpuo

69 3562 167 3603 rorum
180 3541 328 3612 errauerit,
343 3539 519 3612 titubaverit,
534 3539 579 3598 vel
591 3539 810 3614 dubiussuers‘t,
826 3549 895 3599 arete
907 3551 1034 3614 retortam,
1051 3543 1124 3600 dum
1137 3543 1233 3601 addae

69 3623 157 3683 tritus
170 3622 274 3680 amitus
286 3629 326 3680 est
340 3621 433 3694 carni,
444 3620 485 3679 ad
497 3620 591 3695 fidem
604 3619 729 3679 solidam
748 3621 907 3679 reducatur
920 3642 933 3690 ,·
953 3629 979 3679 et
988 3630 1081 3697 potest
1095 3624 1234 3681 Sacerdos

69 3723 125 3766 :ere
138 3722 201 3763 eso:

96 3783 185 3842 Fides
198 3788 299 3841 autem
314 3780 467 3841 catholica
479 3781 542 3839 haec
555 3786 609 3854 est,
624 3779 723 3841 frater.

96 3943 114 3973 ³
136 3942 198 4000 The
219 3942 286 3999 MS.
307 3941 396 3999 omits
415 3941 456 3999 all
475 3941 544 3998 that
564 3939 678 3997 follows
697 3946 731 3998 to
750 3939 802 3997 the
822 3955 936 4015 prayer,
958 3937 1041 3994 Deus
1060 3937 1232 4014 misericors,

69 4044 121 4086 eus
138 4023 275 4095 clemens,
296 4042 324 4098 p.
341 4022 390 4094 48,
412 4021 472 4079 and
495 4020 549 4079 has
571 4019 634 4077 this
657 4019 774 4076 rubrio:
801 4018 860 4075 lle
883 4017 970 4074 dictis
991 4016 1170 4092 priusquam
1189 4020 1235 4078 ia-

69 4113 171 4182 rqatur
187 4104 325 4178 irfirmus
344 4109 399 4160 aut
416 4100 651 4171 cerereunicetur,
666 4099 818 4172 iaterreyet
836 4116 900 4155 eura
920 4095 1059 4155 Sacerdos
1076 4117 1132 4171 quo
1149 4099 1234 4159 crede

69 4186 128 4247 edit
151 4184 186 4241 iu
209 4184 305 4242 Deum
329 4190 355 4241 et
379 4181 406 4239 si
428 4179 600 4257 receptoscit
624 4198 728 4255 corpus
751 4188 777 4236 et
800 4177 973 4251 comperissem
996 4177 1120 4234 Doreiui
1141 4181 1235 4238 reostri

69 4286 111 4325 mc
126 4263 256 4324 Christi:
273 4272 373 4340 postea
389 4281 454 4320 vere
475 4263 652 4335 confiteatur,
667 4268 693 4316 ιι
707 4259 743 4316 ab
757 4258 889 4316 onradus
903 4257 1031 4332 peccetis
1050 4257 1236 4322 absolvatur.-

69 4366 99 4405 ιο
111 4344 197 4420 sacto
218 4344 361 4404 osculetur
380 4361 501 4413 erucem,
523 4337 627 4397 deivido
646 4337 835 4408 Sacerdotem,
855 4345 881 4395 et
896 4346 998 4415 postea
1018 4358 1115 4398 omues
1134 4347 1235 4400 ceteros
1336 4398 1343 4405 .

69 4447 89 4487 r
102 4425 242 4487 ordinem.
286 4422 334 4499 Oſs
350 4421 489 4493 Msskell
504 4418 587 4477 Mon.
603 4417 677 4492 Rit,
692 4418 723 4492 i.,
739 4419 786 4478 73.
