2768 4852
401 340 750 410 Hauooleadasam
762 341 898 409 Soram.
1173 348 1255 413 109·

57 511 266 653 μίαν
298 507 481 587 Antiphone.
533 507 617 567 How
642 507 721 567 idem
746 506 867 567 εἶινίοιω
891 508 1017 586 inceptat
1049 509 1142 570 aliam
1168 510 1254 570 Anti·

139 611 174 649 m
310 602 314 609 .

95 636 232 730 Annulo
249 689 316 728 meo
335 668 504 728 subarravit
522 687 571 726 me
591 666 739 726 Dominus
762 687 845 726 meua
864 668 887 727 J
888 688 954 726 osus
974 668 1120 745 Christus,
1136 678 1167 730 et
1188 678 1254 730 tau·

57 766 131 811 uam
144 767 288 827 sponsam
301 749 513 809 decoraritme
526 766 641 807 corona.
682 748 791 806 Amen.

94 840 255 903 Pam.
296 840 432 899 iaudato
444 840 610 899 Dominum
623 858 724 898 omnes
736 846 839 918 gentos
852 860 920 899 eum
934 840 1037 900 Gloria
1049 842 1144 902 Patri

93 934 268 1011 qustotur
279 931 461 1009 Antiphone.
503 932 601 991 Tertio
613 952 678 991 uero
692 931 769 991 idem
782 932 901 992 cler-iem
913 933 1122 1011 Antiphonem.

95 1026 273 1085 Dexteram
286 1043 382 1083 meam
396 1030 427 1082 et
440 1023 549 1083 collum
562 1042 662 1082 meum
680 1024 778 1082 cinxit
794 1025 943 1102 lapidibus
955 1028 1110 1103 pretiosis:
1127 1029 1251 1088 tradidit

57 1107 168 1167 aribus
180 1106 257 1163 meis
269 1102 490 1163 inustimabiles
501 1104 686 1182 margaritas.
728 1104 837 1162 Amen.

96 1201 257 1263 Palmae.
299 1200 434 1259 landate
447 1199 612 1259 Dominum
620 1200 652 1258 in
665 1201 775 1259 sanctis
788 1202 871 1279 ejus:
892 1221 959 1261 cum
973 1203 1074 1262 Gloria
1089 1205 1181 1263 Patri.

100 1283 273 1359 Repetotur
285 1279 465 1358 Antiphone.
754 1332 757 1336 .

98 1360 168 1423 Ha
180 1360 268 1419 dietis
280 1360 405 1438 accipiat
417 1380 484 1419 eum
496 1358 542 1419 at
553 1379 618 1420 eom
637 1358 776 1419 Sacerdos
790 1382 847 1439 per
865 1382 989 1422 manum
1002 1364 1155 1439 dexteram,
1171 1375 1197 1424 et
1210 1366 1251 1425 eie

57 1450 137 1505 ucat
147 1441 185 1500 isc
197 1441 326 1501 domnam
367 1439 549 1518 antiphona

100 1533 248 1595 Introibo
259 1533 293 1591 in
305 1534 426 1592 domum
445 1538 538 1604 tuam,
552 1531 689 1607 Domine,
702 1539 734 1591 et
753 1533 881 1592 adorabo
900 1534 938 1592 ad
958 1537 1102 1614 templum
1115 1545 1251 1596 sanctum

57 1634 145 1677 num.

102 1695 191 1768 Quae
201 1694 334 1769 mundar
345 1692 380 1752 in
392 1693 513 1752 eoadem
526 1693 646 1752 domam
659 1691 778 1752 clerim
790 1693 844 1769 qui
851 1714 908 1769 pro
923 1714 954 1755 eo
967 1694 1011 1755 vei
1023 1717 1056 1756 ea
1069 1697 1255 1776 Antiphanes

57 1775 162 1853 ncipit,
177 1773 305 1848 otfiaito
316 1770 489 1851 Autipstmta
501 1772 579 1832 idem
592 1773 710 1832 ariao
722 1773 827 1850 incipit
840 1773 1073 1852 Retpooeoriam.

102 1870 249 1947 Regnum
262 1868 368 1927 mundi
380 1875 411 1927 et
424 1887 541 1925 omnem
554 1873 693 1927 ornatum
705 1868 806 1927 saculi
816 1871 978 1948 contempsi
992 1879 1113 1949 propter
1122 1893 1251 1932 amorem

57 1950 174 2011 »omini
187 1948 246 2006 mei
258 1948 281 2007 J
281 1967 332 2008 esu
346 1948 466 2008 Christi
510 1948 606 2019 Quem
619 1948 691 2021 vidi,
706 1968 794 2024 quern
807 1950 913 2022 amavi,
928 1970 1016 2027 quem
1029 1952 1149 2025 credidi,
1165 1973 1253 2029 quem

111 2109 161 2170 Vs.
204 2107 361 2166 Eructavit
381 2127 542 2167 cormeum
554 2107 679 2167 verbum
692 2108 819 2167 bonum:
842 2108 907 2168 dieo
920 2129 974 2183 ego
988 2129 1076 2186 opera
1089 2130 1154 2170 mea
1167 2112 1236 2188 regi.

105 2203 178 2263 Hoo
194 2202 385 2280 Beepmaaorio
403 2211 520 2263 cantato
535 2224 593 2281 pro
611 2224 641 2262 eo
659 2204 704 2262 ael
717 2224 775 2280 pro
793 2225 827 2262 ea
845 2225 879 2263 ex
897 2214 954 2264 toto
975 2207 1058 2265 choro
1071 2226 1137 2264 cam
1151 2206 1254 2264 Gloria

57 2286 145 2358 'atri
158 2284 291 2360 aquito
303 2283 458 2344 benedictio
471 2303 558 2361 aupes·
570 2285 689 2343 danaen
702 2305 769 2342 eum
783 2283 917 2342 Oramus.

107 2380 237 2451 Adesto,
252 2379 389 2451 Domine,
403 2379 666 2456 supplicationibus
682 2380 800 2452 nostris,
815 2390 841 2439 et
855 2390 953 2450 cetera,
969 2389 1003 2438 at
1016 2399 1117 2455 stupra,
1128 2400 1155 2458 p.
1173 2378 1237 2438 41⁴⁵.

108 2460 223 2521 Oratio.
265 2460 383 2518 Exaudi
396 2478 459 2529 nos,
474 2459 610 2530 Domine,
626 2469 764 2529 ettotam,
778 2469 812 2518 at
826 2480 918 2537 supra
931 2460 1044 2518 ibidem.

107 2540 252 2616 Sequitur
264 2539 327 2598 aiio
342 2539 443 2598 Oratio
456 2559 523 2597 cum
537 2540 685 2597 Dominus
697 2540 859 2612 vobiscum,
874 2549 900 2598 et
915 2561 981 2598 cam
995 2541 1127 2598 Oramus.

111 2620 224 2680 Oratio.
266 2619 405 2691 Benedic,
419 2618 554 2693 Domine,
570 2619 690 2678 domum
703 2621 800 2691 istam,
815 2629 842 2679 et
854 2629 952 2691 cetera,
968 2629 1104 2695 utsupra
1117 2620 1230 2678 ididem.

106 2700 251 2774 Sequitur
264 2699 403 2758 Psalmas
415 2699 477 2757 aiae
489 2709 569 2772 uota,
586 2700 719 2758 laudato
733 2701 897 2758 Dominum
911 2720 1011 2758 omnes
1024 2706 1134 2774 gentas.

108 2779 258 2838 Psalmus.
301 2778 435 2839 laudata
448 2778 611 2837 Dominum
634 2781 667 2837 in
691 2781 799 2838 sanctis
823 2782 887 2856 ejus
909 2800 976 2837 eum
995 2779 1097 2837 Gloria
1117 2779 1211 2848 Patri,
1227 2785 1253 2837 et

108 2869 258 2930 Psalmas.
299 2870 434 2928 Laudato
452 2871 615 2928 Dominum
635 2870 668 2927 in
692 2872 799 2929 sanetis
820 2872 882 2947 ejus
900 2891 967 2929 cum
989 2870 1091 2928 Gloria
1112 2871 1205 2942 Patri,
1229 2879 1255 2929 et

57 2964 159 3015 teram
170 2950 310 3010 Sacerdos
322 2970 389 3009 catu
402 2949 501 3009 clerieo
515 2951 635 3008 domam
648 2960 734 3009 aaut.
783 2952 833 3011 Vir
845 2950 890 3009 vei
898 2951 1006 3009 oaulier
1019 2951 1080 3009 sola
1094 2959 1251 3023 revitaneat,

57 3044 71 3094 t
97 3031 212 3108 dosoris
233 3030 337 3089 (ἰοπιιιε
351 3031 481 3106 firmiter
498 3029 663 3088 claudatur.
708 3031 792 3090 Tuae
815 3042 929 3090 metuat
942 3031 1082 3091 Sacerdos
1098 3040 1253 3109 praesentes

57 3131 135 3173 rare
142 3130 202 3188 pao
214 3129 244 3169 eo
258 3110 302 3169 oet
313 3131 357 3183 ea,
370 3119 397 3170 et
410 3118 444 3169 at
458 3110 567 3170 dicant.

109 3202 204 3261 Pater
217 3209 324 3261 noster.
367 3202 409 3260 Et
428 3222 466 3261 ne
486 3221 547 3260 nos.
591 3201 648 3260 Sed
669 3201 769 3260 libera.

111 3281 243 3342 Ostende
262 3281 355 3340 nobis
397 3280 468 3340 Fiat
481 3281 554 3339 Pan

111 3362 236 3422 Salvum
250 3361 296 3420 fac
308 3380 428 3420 servum
441 3367 527 3419 tuum
541 3361 585 3420 vel
597 3361 735 3419 ancillam
753 3368 845 3436 tuam,
860 3363 996 3426 Domine.

111 3442 188 3501 Esto
202 3443 237 3514 ei,
252 3441 389 3514 Domine,
403 3439 558 3500 auxilium.

111 3522 252 3595 Domine,
267 3522 383 3580 exaudi

110 3602 260 3662 Dominus
272 3602 431 3660 vobiscum.
475 3601 608 3659 Oramus.
646 3600 755 3659 Oratio.

111 3683 205 3756 Deus,
229 3681 284 3758 qui
297 3681 444 3758 justificas
456 3681 583 3756 impium
603 3686 710 3738 utnon
727 3682 774 3738 vis
793 3687 919 3739 mortem
940 3681 1107 3757 peccatoris,
1122 3682 1255 3755 majesta-

57 3784 112 3824 em
125 3769 209 3822 tuam
223 3761 396 3839 suppliciter
408 3760 599 3838 deprecamur
611 3766 647 3817 ut
667 3761 812 3819 famulum
833 3766 918 3817 tuum
939 3758 976 3816 de
988 3764 1042 3815 tua
1055 3758 1254 3817 misericordis

57 3842 247 3904 mnfidontcm
271 3841 380 3900 calesti
400 3847 537 3919 protegas
563 3841 708 3916 benignus
732 3840 852 3908 auxilio,
876 3845 907 3895 et
927 3837 1046 3894 assidua
1072 3839 1254 3912 protectione

57 3941 211 3993 onservcs,
239 3927 275 3979 ut
307 3922 365 3979 tibi
394 3920 508 3999 jugiter
533 3918 695 3979 famuletur
722 3925 752 3977 et
778 3917 869 3974 nullis
902 3915 1146 3993 temptationibus
1180 3937 1197 3973 a
1223 3923 1255 3975 to

57 4009 215 4082 ieparetur.

113 4099 188 4157 Atia
204 4098 312 4157 Oratio.

112 4180 204 4255 Rege,
229 4197 406 4254 quaesumus,
436 4177 572 4250 Domine,
601 4175 745 4234 stimulum
779 4180 865 4231 tuum
893 4172 932 4230 N.
955 4178 985 4230 et
1006 4169 1255 4229 intercedentibus

57 4259 190 4320 >mnibus
203 4259 312 4316 sanetis
325 4259 386 4316 tuis
406 4257 509 4335 gratias
530 4264 589 4315 tuae
610 4258 690 4312 ineo
704 4254 781 4312 dona
794 4253 967 4330 multiplica,
982 4256 1018 4307 ut
1031 4250 1167 4307 omnibus
1182 4249 1256 4308 liber

57 4337 172 4400 >aenas
189 4343 221 4395 et
238 4335 449 4415 temporalibus
464 4355 526 4394 non
546 4334 726 4393 destituatur
743 4333 871 4408 auxiliis,
888 4340 918 4392 et
931 4329 1118 4409 sempiternis
1131 4329 1256 4410 gaudeat

57 4417 209 4477 institutis.
252 4416 311 4474 Per
324 4415 496 4473 Dominum.
