2768 4852
89 371 153 438 118
282 364 513 454 anaqam
532 364 573 432 o
596 361 816 450 omnem
837 360 933 429 aaa
954 360 1092 428 narra.

89 563 191 614 antem
213 552 317 631 gennit
337 550 479 611 Joathnn
521 546 655 608 Joathan
674 551 777 606 autom
796 544 901 624 genuit
920 544 1032 604 Achar.
1076 544 1181 605 Achra
1199 553 1288 606 auton

90 652 194 732 genuit
207 649 372 709 Ezechiam.
414 646 666 706 Faechianantem
682 644 787 721 gennit
805 643 983 702 Manaaaem.
1028 643 1285 704 Manaaaeaanten

90 749 196 829 genuit
222 747 333 805 Annon.
376 745 479 803 Arnon
503 749 605 801 antem
632 741 738 818 genuit
765 740 889 800 Joaiam.
933 740 1036 800 Josiaa
1062 747 1166 800 autem
1191 741 1283 820 gennit

90 845 114 904 J
114 844 267 904 echoniam
280 848 312 900 et
324 841 430 899 habron
443 840 516 916 ejna,
532 839 565 896 in
578 837 839 915 tnmamigratione
852 835 1021 913 Babylonia
1067 836 1110 895 Et
1126 845 1194 914 post
1205 843 1285 896 traua

92 942 301 1021 migrationem
327 937 489 1015 Babylonia
515 935 675 995 Jeohoniaa
697 935 803 1012 genuit
829 933 981 993 salathiei
1023 933 1171 993 Salathiel
1195 942 1281 994 autem

92 1039 196 1118 genuit
231 1035 401 1096 Zorobabeh
448 1033 612 1093 Zorobabel
638 1039 739 1091 autem
772 1033 878 1111 genuit
904 1032 1018 1090 Abiud.
1062 1033 1168 1092 Abiud
1193 1042 1280 1093 autem

92 1138 198 1215 gennit
218 1134 372 1193 Eliaehim.
416 1132 562 1191 Eliaehim
583 1137 683 1190 autem
703 1130 809 1207 genuit
830 1128 919 1186 Anor.
961 1130 1044 1186 Azor
1066 1135 1169 1188 autem
1190 1129 1280 1207 genuit

95 1235 218 1294 Snloch.
260 1232 374 1291 Sadoeh
395 1237 496 1289 auwm
518 1229 623 1308 genuit
646 1228 765 1287 Achim.
808 1226 919 1285 Aehim
942 1232 1045 1284 antem
1069 1228 1174 1304 gennit
1196 1226 1279 1285 Elina·

94 1331 298 1390 Eliudautem
313 1329 418 1407 genuit
431 1327 560 1386 Eleazar.
603 1325 726 1383 Eleazar
744 1330 846 1382 autem
865 1323 969 1401 genuit
990 1322 1127 1382 Mathan.
1170 1324 1280 1382 Mathan

93 1431 194 1486 autem
207 1425 312 1503 genuit
324 1424 426 1484 Jacob.
468 1423 564 1480 Jacob
577 1428 678 1480 autem
693 1421 798 1498 genuit
810 1419 924 1496 Joseph
938 1419 1038 1476 virum
1060 1419 1174 1491 Mariae,
1188 1420 1280 1494 dequo

92 1532 182 1582 notua
196 1530 242 1582 est
253 1523 352 1594 Josun
368 1521 420 1598 qui
434 1526 558 1578 voootur
571 1518 715 1577 Christus.

304 1808 513 1864 Evrnonnmrr
533 1823 575 1863 nn
596 1806 812 1863 coroarnorn
832 1821 938 1862 naam
959 1804 1087 1866 Manna

154 1995 303 2052 Dominus
316 1993 478 2051 vobiscum.

146 2090 303 2166 Sequentia
315 2091 411 2149 nancti
424 2089 581 2164 Eoooqelii
590 2087 751 2147 secundum
764 2088 885 2148 Lucam.

155 2188 258 2247 Gloria
271 2189 339 2260 tibi,
353 2188 489 2245 Domine.
1024 2252 1028 2259 .

155 2287 279 2344 Factum
293 2292 338 2344 ost
351 2292 452 2343 nutem
465 2304 533 2342 cum
546 2285 748 2362 baptizaretur
760 2284 856 2342 omnia
868 2285 1005 2361 populus,
1016 2291 1049 2343 et
1061 2285 1084 2344 J
1085 2305 1136 2344 esu
1150 2286 1280 2365 baptizato

93 2392 124 2443 at
144 2392 256 2458 orante,
271 2391 407 2462 apertum
427 2390 473 2442 est
492 2383 595 2441 carlum
605 2404 614 2456 3
635 2389 666 2441 et
681 2383 833 2441 deseendit
854 2381 984 2459 Spiritus
1006 2383 1135 2443 Sanctus
1155 2380 1281 2463 corporali

93 2484 188 2559 specio
209 2483 287 2540 sicut
308 2482 443 2541 columba
463 2482 496 2537 in
516 2482 631 2557 ipsum:
652 2487 683 2538 et
702 2500 764 2539 vox
783 2480 821 2538 de
840 2479 910 2539 caelo
931 2480 1009 2538 facia
1029 2489 1094 2556 θείς
1116 2483 1163 2541 Tu
1176 2504 1205 2541 aa
1217 2481 1282 2540 filio

94 2598 176 2637 meus
190 2579 323 2652 dilectus,
339 2578 372 2635 in
386 2584 416 2636 te
430 2577 608 2655 complacuit
622 2577 703 2635 mihi.
742 2578 784 2635 Et
797 2577 859 2654 ipse
872 2576 895 2636 J
895 2596 961 2634 esus
976 2583 1041 2635 erat
1053 2579 1199 2656 incipiens
1211 2576 1283 2656 quari

92 2697 238 2735 annorum
262 2679 394 2753 triginta,
418 2685 452 2734 nt
473 2678 645 2752 putabatur,
660 2677 739 2734 filius
758 2676 880 2752 Josoph,
903 2676 962 2745 Qui
982 2676 1043 2734 fuit
1063 2678 1147 2751 Heli,
1169 2681 1219 2756 qui
1238 2677 1284 2736 fuit

94 2776 222 2849 Mathai,
239 2778 290 2852 qui
305 2778 362 2833 fuit
377 2777 458 2848 Lovi,
476 2776 535 2844 Qui
549 2776 607 2832 fuir
622 2775 742 2844 Molchi,
757 2776 809 2851 qui
829 2775 888 2831 suit
911 2775 932 2832 J
935 2794 1020 2846 anne,
1035 2778 1088 2852 qni
1103 2778 1162 2836 fuit
1175 2779 1196 2836 J
1199 2777 1282 2854 oneph,

94 2874 153 2942 Qui
168 2874 227 2930 fuir
240 2874 427 2946 Mathathiae,
443 2874 495 2949 qni
509 2873 567 2929 fuir
581 2873 681 2944 Amos,
697 2873 749 2948 qui
763 2872 821 2929 fuit
835 2872 968 2942 Nahum,
986 2871 1046 2940 Qui
1060 2873 1120 2931 suit
1134 2874 1230 2947 Hesli,
1244 2873 1284 2950 qui

93 2973 151 3030 suit
173 2973 285 3049 Nogge,
301 2974 352 3049 qui
375 2973 434 3030 fnit
456 2973 585 3042 Mothnt,
601 2971 661 3041 Qui
682 2971 742 3028 fuit
764 2970 948 3039 Mathathiae,
972 2971 1024 3045 qui
1045 2971 1104 3029 fuit
1126 2974 1230 3046 Semei,
1244 2970 1285 3049 qui

92 3070 152 3126 fuit
172 3069 292 3145 Josoph,
310 3070 370 3139 Qui
390 3071 450 3126 fuit
470 3070 491 3127 J
494 3070 559 3141 uda,
576 3070 627 3145 qui
649 3068 708 3125 fuit
729 3068 878 3139 Johanna,
901 3068 953 3142 qui
973 3067 1032 3124 suit
1053 3069 1142 3142 Rasa,
1160 3071 1218 3141 Qui
1238 3070 1286 3127 suit-

94 3167 264 3241 Zorohabol,
287 3169 339 3244 qui
360 3169 419 3226 fuit
440 3168 591 3237 salathiel,
612 3169 664 3243 qui
685 3167 744 3223 fnit
764 3167 848 3239 Neri,
872 3167 932 3235 Qui
953 3165 1011 3223 suit
1031 3167 1153 3241 Melon,
1170 3172 1221 3246 qui
1238 3169 1286 3226 fuit

94 3265 183 3338 Addi,
200 3265 252 3341 qui
266 3266 325 3322 suit
339 3266 465 3338 Thosan,
481 3265 540 3335 Qui
557 3265 616 3321 suit
636 3264 825 3335 Helmadam‚
841 3266 892 3341 qui
906 3264 965 3322 fuit
982 3264 1056 3335 Her,
1072 3267 1125 3342 qui
1140 3268 1198 3324 fuit
1212 3267 1233 3326 J
1235 3286 1285 3333 esu,

95 3364 156 3432 Qui
176 3365 235 3421 fuit
255 3364 401 3437 Heliezor,
416 3366 469 3440 qui
488 3364 547 3420 fuit
566 3363 673 3435 Jorim,
690 3363 742 3439 qui
762 3363 820 3421 fuit
841 3364 970 3436 Mathai,
987 3364 1048 3434 Qui
1068 3364 1128 3423 fuit
1147 3366 1229 3437 Levi,
1244 3364 1286 3440 qni

94 3461 153 3518 fuit
174 3462 310 3537 Symeon,
333 3463 386 3537 qui
407 3463 466 3519 fuit
488 3462 579 3531 Juda,
602 3462 663 3532 Qui
683 3461 742 3519 fuit
765 3462 886 3538 Joseph‚
909 3464 961 3540 qui
981 3464 1040 3520 fuit
1060 3463 1150 3536 Jona,
1169 3465 1221 3540 qui
1240 3464 1287 3521 init·

96 3560 251 3631 Eliaohim,
267 3561 327 3629 Qui
341 3561 399 3619 fuit
413 3561 540 3631 Melcha,
555 3562 607 3636 qui
628 3561 686 3618 fuit
701 3560 822 3632 Manna,
838 3563 890 3638 qui
907 3563 966 3619 fuit
981 3562 1152 3634 Mathatha,
1167 3564 1226 3634 Qui
1239 3562 1287 3619 suit

96 3657 227 3729 Nathan,
242 3658 294 3734 qui
317 3658 375 3715 suit
400 3658 508 3730 David,
524 3658 575 3733 qui
596 3657 654 3714 fuir
674 3657 695 3714 J
697 3678 767 3727 osso,
785 3658 845 3726 Qui
866 3660 924 3716 suit
947 3655 1055 3731 obeth,
1071 3661 1124 3735 qui
1138 3660 1198 3718 fuit
1211 3661 1287 3723 Booz,

94 3756 147 3831 qui
167 3756 225 3812 suit
246 3755 375 3827 Salmon,
393 3757 453 3825 Qui
472 3756 533 3812 suit
554 3755 683 3826 Naason,
699 3757 752 3832 qui
771 3757 830 3813 fnit
850 3758 1029 3828 Aminadab‚
1045 3758 1098 3834 qui
1119 3759 1178 3816 fuit
1193 3760 1286 3843 Aram,

95 3853 154 3924 Qui
168 3853 226 3911 fuir·
241 3853 355 3926 Esrom,
370 3854 423 3930 qui
435 3852 495 3910 suit
508 3852 628 3923 Phareo,
644 3854 696 3928 qui
717 3853 775 3910 fuit
795 3853 817 3910 J
819 3854 894 3926 udae,
908 3854 969 3924 Qui
982 3854 1040 3911 fuit
1053 3854 1158 3928 Jacob,
1174 3856 1227 3932 qui
1239 3855 1289 3912 suit

29 3940 30 3944 ἵ
95 3951 187 4022 Isaac,
203 3952 255 4027 qui
269 3951 328 4008 fuit
340 3950 477 4021 Abrahae,
495 3949 554 4018 Qui
567 3950 626 4006 fuit
639 3950 743 4022 Thale,
757 3951 809 4027 qui
822 3951 881 4008 fuit
895 3951 1024 4023 Naohor,
1034 3954 1088 4028 qui
1100 3951 1162 4010 fuit
1176 3951 1287 4017 Sameh,

96 4049 157 4119 Qui
170 4051 229 4108 fuit
243 4050 356 4126 Ragau,
371 4051 422 4126 qni
436 4048 496 4105 fuit
509 4047 648 4117 Phaleeh,
663 4048 714 4124 qui
729 4049 788 4105 fuit
806 4049 918 4119 Heber,
935 4049 995 4119 Qui
1009 4049 1069 4106 fuit
1082 4049 1159 4122 Sale,
1175 4050 1227 4127 qui
1237 4048 1288 4107 fuit

95 4145 220 4218 Oainan,
234 4148 286 4224 qui
300 4147 359 4204 fuit
372 4147 539 4224 Arphaxat,
556 4146 616 4214 Qui
629 4144 688 4202 fuit
703 4146 779 4218 Sem,
793 4147 845 4223 qui
859 4147 918 4204 fuit
932 4148 1008 4219 Noe,
1020 4147 1072 4224 qui
1085 4147 1147 4206 fuit
1160 4146 1288 4213 Lamech,

96 4240 156 4307 Qui
169 4243 228 4301 fuit
242 4244 421 4317 Mathusale,
437 4244 491 4320 qui
503 4243 562 4300 fuit
576 4243 688 4315 Enoch,
705 4245 757 4320 qui
778 4244 837 4302 fuir
856 4244 973 4316 Jareth‚
989 4245 1049 4315 Qui
1069 4245 1130 4303 fuit
1151 4241 1289 4310 MalaleeL

95 4338 147 4411 qui
167 4339 226 4396 fuit
246 4340 369 4412 Cainan,
384 4342 436 4417 qui
456 4343 516 4399 fuit
536 4342 625 4413 Enna,
642 4341 701 4412 Qui
720 4342 779 4400 fuit
799 4342 881 4410 seth,
896 4344 949 4419 qui
969 4344 1028 4400 fuit
1045 4343 1157 4415 Adam,
1172 4345 1225 4421 qui
1237 4341 1289 4401 suit

92 4429 158 4489 Dei.
199 4432 221 4491 J
222 4452 288 4492 osus
302 4441 403 4493 autem
416 4435 522 4514 plenus
536 4437 652 4513 Spiritu
667 4437 776 4496 Sancto
789 4457 939 4516 regressus
953 4445 999 4497 est
1012 4458 1032 4496 a
1044 4439 1066 4498 J
1068 4439 1188 4499 ordene.
