2768 4852
88 282 173 348 xxvi
617 275 764 366 Profa«.

87 448 194 533 books
215 447 297 515 used
310 448 347 512 in
368 446 535 515 Ohurehee
551 445 589 509 in
607 445 665 511 the
684 445 820 511 Diooose
838 443 876 509 of
892 442 996 524 York,
1009 442 1133 511 which
1146 467 1232 513 were

90 551 128 617 oi
141 550 237 617 York
249 551 329 630 Uno,
343 573 398 616 ore
411 549 541 616 ourious
552 574 604 614 :-

155 686 274 753 Febrio
286 687 388 765 holle,
405 688 477 752 254.
520 686 570 750 Αι
582 685 641 751 the
655 684 787 752 Ghnmh
800 684 838 750 of
848 682 1030 771 Inreihorp
1046 685 1232 773 (Inyerihc

90 811 112 854 ο
125 789 251 855 suburb
265 789 303 854 of
313 788 466 874 York)—

210 901 334 961 Minenle
346 920 408 959 non
420 905 467 959 eet
479 899 516 959 de
528 919 586 958 nen
599 899 691 960 Ebor.

156 1030 257 1109 Ibid,
284 1034 356 1097 289.
405 1031 448 1094 In
472 1029 531 1095 the
556 1027 740 1107 Oeihedrol,
768 1031 805 1093 οι
828 1027 887 1094 ihe
910 1028 996 1094 niter
1020 1028 1063 1096 oi
1086 1030 1125 1099 S.
1154 1032 1232 1101 Joln

92 1130 298 1215 Beverley-

213 1239 344 1313 Miorele,
358 1239 410 1298 sed
422 1244 469 1298 eet
485 1239 671 1309 insufficiens,
686 1238 758 1316 quie
770 1257 831 1296 non
846 1236 884 1296 de
893 1256 957 1297 usu.

155 1363 253 1442 ibid,
270 1367 344 1430 298.
389 1362 509 1429 Atthe
523 1363 659 1428 alteros
674 1361 706 1427 S.
722 1360 923 1425 Nioholon-

213 1475 320 1533 Unum
332 1473 599 1553 Antiphonen'um,
613 1472 665 1531 sed
680 1491 742 1531 non
754 1472 792 1530 de
805 1490 871 1530 usu.

156 1631 290 1717 Among
303 1631 361 1696 the
376 1631 472 1696 Wills
486 1652 541 1696 ere
554 1629 613 1695 the
625 1628 795 1714 following
804 1625 942 1714 legaoiee
955 1625 993 1692 of
1001 1625 1114 1696 books
1130 1653 1232 1699 eooon

92 1738 128 1799 ιο
142 1733 200 1799 the
213 1733 284 1800 Use
298 1733 335 1799 of
345 1733 472 1812 Sarum,
486 1737 522 1798 ιο
535 1731 631 1797 York
645 1729 857 1796 chumbe-

153 1854 180 1913 Ι.
204 1854 270 1913 190.
313 1854 393 1932 lego
407 1853 545 1913 Eooleeiae
563 1873 636 1911 mere
653 1852 690 1912 de
708 1852 876 1911 Pieeiecoie
891 1849 978 1932 (inst
994 1851 1232 1936 lammah

92 1933 316 2012 Portiphorium
330 1955 471 2013 mgnum
484 1941 621 1993 notatum
634 1953 705 1993 usus
719 1933 834 1992 Sarum.

133 2014 171 2072 II
175 2058 182 2073 .
205 2016 270 2074 125.
313 2015 393 2093 lego
402 2015 659 2074 uniliooleeierum
666 2014 704 2071 de
712 2013 856 2089 Herdeby
860 2012 989 2090 (noroy,
994 2031 1069 2071 near
1076 2013 1232 2096 Nottinglr

92 2094 279 2172 Plomgnrth2
292 2095 460 2154 Borkeoton
470 2096 515 2174 (in
529 2095 652 2172 Elmel),
667 2102 698 2153 οι
713 2093 872 2164 Redwroll,
886 2094 1016 2152 maxime
1028 2092 1200 2174 indigenti,
1213 2118 1232 2155 u

92 2175 204 2233 librum
218 2176 410 2234 Portiforium
423 2182 560 2234 nostrum
573 2175 610 2234 de
623 2194 680 2233 usu
694 2175 801 2233 Serum
812 2193 867 2251 pro
877 2193 992 2232 summo
1004 2173 1105 2233 oller-i.

155 2255 246 2329 Ibid,
258 2256 305 2314 39.
336 2255 416 2333 lego
425 2256 562 2315 Eoelesiae
570 2255 731 2334 parochiali
738 2254 776 2313 de
784 2254 950 2332 Eonington
959 2274 1055 2312 unum
1064 2254 1232 2319 Mimled

94 2336 202 2395 Serum
215 2355 269 2413 pro
281 2356 397 2394 summo
409 2336 506 2395 elteri

154 2415 244 2490 Ibid,
255 2417 323 2478 181.
351 2417 431 2495 lego
442 2417 579 2477 Eoolesiae
589 2414 750 2495 parochiali
758 2415 795 2474 de
806 2414 959 2494 Gedelyng
970 2415 1014 2493 (N
1014 2415 1232 2495 ottinghem)u

93 2495 223 2571 Mimale,
238 2518 333 2557 unum
346 2498 567 2558 Prooemionnle
584 2505 616 2558 et
632 2517 728 2556 unum
741 2497 883 2555 Manuale
900 2495 1064 2555 secundum
1077 2517 1175 2559 usum
1189 2501 1232 2559 so·

94 2584 126 2636 οι
138 2598 232 2638 unum
245 2599 358 2640 novum
373 2580 509 2641 Gradnle.

160 2734 223 2799 111.
269 2735 310 2799 In
320 2735 378 2800 ihe
390 2734 463 2834 Lisi
473 2733 511 2799 of
522 2732 662 2798 Anticles
670 2731 847 2817 belonging
860 2736 896 2796 ιο
909 2732 967 2796 the
977 2731 1103 2817 Chepel
1115 2735 1160 2800 of
1169 2736 1232 2802 Th<

95 2837 377 3002 gigrrli‘ogiseoonon
406 2837 638 2922 Resideniiary
660 2836 697 2901 of
721 2835 824 2914 York,
848 2857 953 2914 occur,
980 2836 1111 2902 besides
1143 2840 1232 2906 book

341 3025 447 3083 Unum
461 3042 601 3099 magnum
614 3026 809 3086 Poriiferium
820 3027 857 3085 de
870 3045 928 3084 usu
942 3026 1055 3084 Serum.

341 3106 448 3164 Unum
460 3105 588 3165 Portnse
601 3108 638 3165 de
648 3127 705 3165 usu
719 3108 833 3165 Serum.

342 3186 448 3245 Unum
460 3207 586 3264 pervum
599 3188 795 3246 Portiferium
808 3188 845 3246 de
858 3208 917 3247 neu
931 3189 1046 3246 Somni.

162 3295 261 3376 ibid,
284 3299 354 3363 133.
407 3297 450 3362 In
472 3298 530 3364 ihe
556 3298 740 3384 Inveniory
768 3299 806 3364 of
830 3299 976 3364 william
1004 3297 1168 3382 Duffield,
1200 3303 1232 3371 o

99 3400 331 3488 Resideniiory
340 3403 373 3467 ol
386 3401 485 3467 York
531 3403 575 3467 In
588 3402 645 3467 the
655 3401 787 3487 Chapel,
798 3402 926 3468 besides
937 3402 1030 3467 York
1044 3401 1171 3485 Books,
1183 3430 1232 3473 we

416 3513 522 3571 Unum
535 3513 730 3572 Portiferium
743 3513 780 3572 de
793 3533 850 3572 usu
865 3514 980 3573 Serum.

164 3680 222 3745 IV.
258 3681 329 3746 143.
384 3677 590 3764 Arohbishop
617 3676 818 3742 Roiherham
851 3698 935 3763 gave
959 3681 995 3741 ιο
1020 3676 1079 3741 ihe
1104 3677 1232 3769 Collegi

98 3784 243 3850 founded
257 3788 294 3848 oi
308 3781 556 3847 Roiherhem-

161 3906 180 3965 2
195 3905 322 3979 Missos,
336 3924 392 3964 one
405 3904 440 3962 of
448 3902 545 3976 York,
559 3901 612 3960 the
625 3901 712 3960 other
724 3901 759 3960 οἱ
768 3901 875 3960 Serum
888 3902 960 3960 Uso.

165 4068 207 4132 In
222 4068 280 4132 IV.
303 4068 354 4137 75.
399 4065 524 4130 Roberi
545 4063 704 4148 Bellomy,
718 4062 843 4127 Maeier
856 4065 889 4126 ol
911 4060 941 4126 S.
956 4059 1131 4127 Leonord’s
1147 4065 1232 4154 Hos]

100 4170 203 4250 York,
216 4171 383 4235 directu-

162 4296 204 4353 Ει
217 4295 290 4353 dicti
303 4293 469 4372 presbyteri
484 4290 635 4373 (Ecclesiae
647 4290 700 4349 ubi
713 4289 861 4368 contingit
878 4309 925 4348 me
938 4288 1068 4369 sepeliri)
1082 4290 1193 4355 dicent
1206 4296 1232 4355 in

101 4375 266 4455 Exsequias
284 4395 352 4434 oum
365 4374 518 4435 Ioudibuo
531 4379 562 4432 et
575 4371 837 4432 Commendatione
855 4371 1017 4431 seeundum
1035 4372 1179 4436 ordinem
1198 4379 1232 4438 Se
