2768 4852
338 294 401 357 190
706 281 730 345 I
729 303 753 347 n
768 278 824 346 dic
837 280 971 347 sarneii
986 277 1184 345 Trinitatis.

338 491 427 532 sexu:
457 467 590 527 sentiant
609 482 713 524 omnes
732 470 821 521 tuum
840 462 986 536 levamen,
1005 462 1178 541 quicunque
1198 463 1346 523 celebrent
1383 492 1384 511 r

341 565 592 627 memorationem.
635 561 722 632 Quin.

400 661 505 720 Gloria
517 659 603 719 Patri
616 664 648 719 et
661 658 740 717 Filio
753 662 785 715 et
799 655 925 734 Spiritui
941 656 1059 715 Sancto.
1104 656 1192 728 Quis

401 757 544 834 Sequitur
556 754 730 832 Antiphone
749 752 784 812 de
798 772 881 812 cruce
894 759 921 812 ct
942 752 1173 830 Rupouwrium
1185 754 1222 814 de
1244 751 1384 814 Peinsitul

345 854 578 935 Respomoriuun

546 951 644 1028 Stirps
657 950 680 1009 J
680 969 742 1008 esse
755 948 871 1026 virgum
883 948 1030 1026 produxit
1042 949 1187 1028 virgoque
1200 950 1314 1026 florem,

548 1048 590 1105 Et
602 1066 690 1125 super
703 1043 783 1104 hunc
796 1046 899 1103 florem
913 1045 1073 1123 requiescit
1086 1046 1218 1124 Spiritus
1231 1047 1335 1105 almus„

492 1147 521 1205 V.
538 1145 636 1223 Virgo
650 1144 709 1203 Dei
721 1143 860 1223 genetrix
873 1143 959 1221 virgo
972 1150 1026 1217 cst,
1040 1144 1096 1202 flos
1109 1144 1190 1203 iilius
1203 1147 1277 1223 ejus
1319 1145 1359 1205 Et
1375 1178 1384 1194 -κ

405 1244 509 1303 Gloria
524 1241 610 1300 Petri
623 1247 655 1300 et
668 1240 747 1299 Filio
761 1246 792 1298 et
806 1240 934 1318 Spiritui
947 1240 1065 1300 Sancto.
1109 1241 1286 1318 Requiescit
1298 1241 1377 1321 Spiii

403 1340 444 1400 Iu
458 1340 554 1400 curum
567 1339 802 1415 Rupomoiium.
844 1336 1008 1396 Benedicat
1021 1357 1075 1397 nos
1096 1358 1164 1397 uem
1184 1339 1329 1431 funiculo
1341 1338 1380 1397 Gl

344 1450 371 1500 et
385 1448 484 1498 cetera.

404 1532 550 1593 Meritoria
563 1532 598 1590 de
612 1551 694 1590 acccc
708 1539 847 1608 utsupra
861 1537 991 1589 notatur.

405 1727 450 1785 De
461 1726 608 1784 Trinitatc
616 1724 752 1801 priosum
766 1723 1001 1800 Responeorium.

408 1823 568 1882 Benedicat
587 1842 642 1879 nos
663 1822 754 1895 Deus,
769 1822 852 1880 Deus
872 1828 973 1880 noster
984 1842 993 1896 3
1011 1821 1167 1881 medicat
1187 1842 1242 1883 nos
1262 1822 1355 1897 Deus,
1375 1853 1384 1872 ÷

343 1941 413 1979 cum
427 1940 528 1979 omnes
542 1921 615 1978 lines
629 1927 723 1978 terrae.

352 2021 379 2079 1⁷.
403 2020 486 2078 Deus
500 2019 673 2077 miserentur
686 2018 780 2076 nostri
792 2037 802 2092 ;
821 2024 853 2076 ct
865 2017 1020 2076 benedicet
1031 2037 1085 2076 nos
1098 2017 1189 2078 Deus
1232 2018 1277 2077 Et
1289 2024 1352 2078 met
1379 2048 1382 2066 r

406 2116 509 2175 Gloria
523 2116 608 2174 Petri
621 2123 653 2173 et
666 2114 744 2173 Filio
756 2121 787 2172 et
801 2114 928 2192 Spiritui
942 2114 1058 2174 Sancto.

406 2213 547 2291 Sequitur
556 2212 717 2272 currendum
732 2212 965 2289 Respoiuoriuin.

408 2310 587 2369 Benedictus
602 2309 750 2366 Dominus
764 2308 846 2366 Deus
857 2307 959 2380 Israel,
973 2307 1025 2383 qui
1038 2306 1110 2365 fecis
1123 2307 1273 2366 mirabilis
1287 2308 1375 2368 solus.

345 2411 459 2470 dictum
473 2428 582 2466 nomen
596 2406 760 2483 majestatis
773 2408 845 2482 ejus.
888 2404 928 2463 In
941 2412 1094 2464 ueternum.

354 2508 383 2566 l'.
406 2505 582 2583 Replebitur
595 2505 749 2578 majestate
763 2504 827 2578 ejus
840 2502 936 2559 omnis
949 2508 1051 2573 term
1071 2501 1133 2575 fini,
1148 2502 1208 2559 fist
1253 2502 1296 2561 Et
1309 2512 1372 2561 met

407 2603 508 2661 Gloria
524 2601 608 2658 Patri
622 2608 653 2658 et
667 2601 745 2658 Filio
759 2608 790 2658 et
804 2598 931 2676 Spiritui
950 2599 1065 2656 Sancto.
1109 2599 1151 2655 Et
1165 2605 1312 2658 metuant

377 2788 441 2794 ..-.-
481 2787 503 2791 .-
530 2786 557 2791 -
686 2785 766 2789 —--
780 2784 800 2789 --
813 2784 837 2788 --·
852 2782 1345 2792 --———-————..-

346 2903 464 2960 reduces
479 2923 533 2960 me.
577 2903 684 2958 Nonne
699 2902 776 2958 sicut
790 2902 834 2958 loc
847 2901 972 2958 mulsisti
983 2921 1038 2972 me,
1049 2909 1080 2959 et
1093 2902 1170 2959 sicut
1183 2922 1302 2960 caseum
1317 2923 1365 2961 mc
1383 2946 1384 2949 η

345 2984 420 3057 pello
435 2991 465 3039 et
480 3004 565 3039 carne
580 2982 696 3039 vestisti
711 3002 765 3053 me,
781 2982 894 3038 ossibus
911 2989 941 3039 ct
954 2983 1053 3039 nervis
1067 2983 1239 3059 compegisti
1253 3004 1309 3044 me.

353 3064 379 3120 l'.
405 3066 592 3131 Convertere,
609 3063 746 3131 Domine,
762 3070 942 3133 convertere,
957 3070 988 3119 et
1001 3063 1080 3138 cripe
1094 3065 1223 3120 animam
1238 3084 1352 3122 mcum:
1375 3107 1379 3119 .

345 3145 390 3200 i'uc
405 3154 524 3219 proptor
538 3143 768 3200 misericordium
783 3150 872 3199 tinini.
917 3143 1033 3199 Nonne.

406 3224 470 3282 Hoc
484 3245 601 3299 septiens
620 3224 847 3298 li'esponeorinm
862 3224 979 3281 dicetur
998 3232 1072 3280 sexto
1087 3223 1145 3281 leco
1159 3224 1206 3281 ‹lr‘c
1219 3223 1371 3283 Anienem

406 3305 582 3381 Congregnti
603 3312 681 3374 sunt,
709 3306 799 3374 Deus,
819 3304 856 3360 ad
878 3303 1078 3361 devorandum
1101 3324 1147 3361 me
1166 3304 1336 3362 seductores
1360 3327 1368 3362 1

345 3392 478 3441 tenentes
489 3386 565 3442 muln
576 3405 641 3459 quie
652 3386 733 3461 gessi.
762 3385 840 3459 Ergo
850 3384 1046 3441 vociferantur
1057 3385 1195 3455 dicentes,
1206 3385 1289 3442 Deus
1300 3386 1371 3444 dere

344 3466 554 3540 persequimini
568 3476 599 3521 et
609 3466 848 3540 comprehendite
862 3485 938 3535 cum,
953 3465 1023 3540 quin
1035 3485 1094 3520 non
1108 3465 1215 3540 estqui
1230 3465 1339 3523 liberet
1353 3487 1369 3524 e

345 3564 426 3601 ruens
440 3565 477 3601 ne
491 3546 625 3620 elongens
640 3568 657 3601 n
671 3566 735 3602 me:
761 3546 842 3601 lions
856 3565 947 3616 mens,
964 3547 995 3600 in
1010 3545 1153 3602 erixilium
1171 3565 1271 3602 meum
1286 3548 1382 3623 respic

409 3626 487 3681 Deus
502 3646 583 3681 meus
598 3627 629 3681 in
644 3626 825 3700 adjutorium
840 3645 937 3681 mcum
953 3625 1082 3681 intende.

352 3704 378 3760 l'.
407 3706 522 3762 Delicls
536 3707 705 3779 juventutis
720 3726 791 3762 mere
810 3725 847 3762 ne
862 3705 1038 3776 summiseris,
1055 3706 1191 3775 Domine,
1207 3712 1238 3763 et
1260 3725 1299 3764 nc
1314 3727 1370 3766 ere

344 3790 425 3840 lrnnn
441 3807 458 3841 u
473 3805 527 3855 nie,
539 3787 679 3860 ‹proniam
695 3787 839 3843 tribulor:
854 3786 994 3843 velociter
1008 3787 1182 3855 exaudime,
1196 3787 1334 3844 Domine.
1365 3790 1383 3846 Ι

405 3866 468 3923 Hoc
481 3887 600 3939 sequens
611 3868 836 3942 Iduponswiune
850 3867 968 3923 dicutur
977 3874 1073 3924 octavo
1084 3866 1143 3925 ioco
1158 3867 1205 3923 die
1218 3866 1372 3927 Auimuru

405 3947 636 4020 li'eepmesoriurn.

404 4027 544 4098 Absolve,
562 4028 698 4100 Domine,
713 4029 827 4085 nriimns
848 4047 949 4085 eorum
964 4029 1001 4084 ol>
1016 4028 1097 4085 omui
1111 4027 1230 4085 ninculo
1251 4027 1362 4087 delicto

342 4124 391 4162 eas
419 4114 600 4164 numentum
630 4111 733 4165 mortis
754 4110 900 4184 attingat:
931 4108 1001 4165 Non
1026 4128 1142 4167 reorum
1164 4115 1267 4166 catena
1289 4118 1376 4169 const

342 4186 492 4243 misemtio
507 4194 558 4244 tua
570 4189 601 4244 in
616 4190 694 4262 pneis
709 4210 742 4246 nc
756 4190 829 4247 lucis
841 4190 958 4264 regione
973 4191 1142 4247 constituat.

350 4263 376 4319 l'.
402 4266 443 4321 lit
466 4287 532 4340 quie
552 4268 610 4325 illis
631 4276 710 4339 sunt,
727 4271 864 4341 Domine,
886 4270 983 4346 dignm
1005 4270 1186 4327 cruciatibus
1207 4269 1313 4347 culpse,
1334 4279 1370 4329 tu

342 4340 474 4401 lenitatis
489 4347 617 4422 indulge.
662 4350 693 4405 N
695 4371 732 4406 on
748 4370 872 4406 reorum.
