2768 4852
227 269 660 340 Ordinesadlt'aciersdam
672 269 866 357 Sperssatia.
1065 271 1146 335 161*

65 459 79 497 ι.
121 436 262 510 Benedici,
275 436 408 496 Domine
426 434 501 495 Jesu
521 436 648 509 Christe,
663 435 743 494 hune
755 434 901 493 famulum
921 440 1008 492 tuum
1021 439 1052 492 et
1070 432 1146 491 hane

65 539 82 576 n
94 524 182 576 tuem
192 517 270 575 sicud
281 515 463 575 benedixisti
475 517 553 575 filios
561 516 690 574 filiorum
704 515 799 574 Israel
808 534 861 591 per
874 515 1038 572 orationem
1047 513 1148 589 Moysi

65 618 93 656 es
105 617 160 676 per
172 616 254 656 mare
266 597 391 655 rubrum
403 596 437 654 in
450 603 610 673 conspectu
623 595 795 668 Pharaonis,
811 595 864 670 qui
878 594 956 651 sieut
969 593 1046 652 sslvi
1059 611 1148 652 vene·

65 698 80 736 s
92 678 126 736 in
140 683 299 755 conspectu
312 674 366 735 tuo
379 676 455 734 mlvi
468 675 544 734 finnt
557 677 590 734 in
603 676 651 735 die
659 676 774 753 judicii.
818 674 884 732 Per.

65 759 196 818 Missam.
239 756 402 815 Benedicta
413 757 454 815 sit
466 762 581 816 sancte.

65 838 147 897 lmus.
190 837 412 898 Benediesmus.

65 918 120 976 udi
132 937 195 989 nos,
207 926 236 977 et
246 925 339 978 cetere
350 926 386 976 ut
398 936 499 994 supra,
512 934 543 994 p.
557 916 605 975 29.

65 997 241 1058 Ooriretlcs'os.
283 997 424 1056 Fratres:
445 997 585 1070 Nescitis,
600 1005 627 1056 et
640 1004 731 1055 cetera
743 1004 778 1055 at
791 1015 884 1072 supra
897 994 1012 1053 ibidem.

65 1079 137 1136 dale
174 1074 361 1151 *Benedictus
373 1097 413 1151 es,
428 1076 565 1136 Domine

66 1158 181 1217 edicite
223 1157 375 1234 Alleluys.

65 1234 232 1309 edietuses,
247 1238 384 1296 Domine.
1056 1274 1059 1281 ,

65 1318 166 1377 zadram
178 1318 317 1378 Hermam
328 1319 376 1395 (x.
394 1316 441 1375 1·9
442 1315 467 1396 )
510 1315 550 1375 In
564 1316 617 1375 illo
630 1321 769 1392 tempore,
781 1315 871 1374 Jesus
881 1333 1041 1392 exsurgens
1055 1334 1145 1391 resque

65 1418 98 1458 se

65 1404 195 1537 mm
232 1476 412 1536 Benedictus
425 1477 465 1535 sit
479 1470 572 1535 Deus.

65 1567 122 1618 eta.
164 1557 295 1634 suscipe,
319 1576 495 1635 quesumus,
520 1576 574 1634 pro
594 1575 676 1615 soors
695 1556 837 1615 connubii
856 1555 929 1634 lego,
952 1565 979 1616 et
999 1565 1091 1616 cetera
1110 1564 1144 1612 ιιι

65 1659 82 1697 ι.
100 1640 147 1697 31.

65 1738 168 1794 Quam
177 1718 296 1776 dicatas·
308 1716 374 1776 Per
388 1716 512 1777 Domini
525 1717 605 1775 dicat
617 1716 672 1776 tas
690 1717 848 1777 Orationes.

65 1819 91 1871 s,
107 1798 160 1875 qui
172 1803 327 1875 potestate,
343 1807 369 1857 et
383 1806 473 1857 cetera
487 1806 634 1874 utsupra,
650 1817 678 1874 p.
695 1797 742 1857 37.

79 1879 204 1936 Domini
216 1879 257 1936 sit
271 1897 386 1955 semper
398 1877 559 1935 vobiscum.
602 1878 709 1954 Agnus
723 1876 789 1934 Dei.

72 1958 216 2017 osculetur
228 1977 351 2035 sperma
363 1958 544 2026 sacerdotem,
558 1965 584 2014 et
592 1967 693 2033 postea
707 1976 794 2014 suam
806 1973 950 2031 sponsam.

65 2039 183 2096 ιιιιιιιιίο.
226 2038 398 2096 Benedicito
412 2038 519 2110 Deum,
535 2057 564 2114 p.
580 2037 626 2095 39.

65 2118 242 2179 ¹sommariis.
285 2119 469 2190 Quraesumus,
485 2117 673 2195 omnipotens
695 2118 786 2190 Deus,
801 2114 951 2188 institute,
966 2122 993 2172 et
1006 2122 1096 2173 cete-ra
1110 2123 1144 2172 ut

65 2198 155 2258 »idem

65 2279 144 2337 lictis
159 2277 290 2337 thalami.
334 2277 472 2350 Benedio,
489 2277 627 2350 Domine,
642 2285 668 2335 et
682 2285 772 2336 cetera
785 2286 820 2335 at
833 2297 934 2353 supra,
949 2297 977 2354 p.
994 2275 1041 2335 39.

520 2559 559 2624 V.

78 2685 166 2744 THE
187 2685 273 2744 ELY
292 2685 566 2760 PONTIFIGAL,
588 2685 846 2746 OAMBRIDGE
868 2687 1143 2747 UNIVERSITY

323 2782 528 2842 LIBRARY.
573 2783 648 2842 Sne.
671 2784 749 2842 XII.

190 2893 382 2952 Bnurnrcrro
403 2894 541 2965 Arruns,
563 2893 672 2952 Seorsr
694 2911 732 2952 rr
752 2895 884 2954 Srousm

65 2997 151 3056 rima
165 3006 300 3074 portatur
319 2997 452 3057 annulus
465 3007 681 3076 capessentum
701 3008 851 3058 eteorum
871 3008 898 3058 et
918 3007 1094 3074 arpent-am:
1116 3008 1143 3058 et

65 3088 133 3151 rtur,
146 3099 183 3137 ree
199 3079 259 3135 siret
267 3087 412 3154 parentes.

65 3159 157 3217 rima
201 3159 240 3215 In
253 3159 373 3216 nomine
387 3158 486 3216 Petris
500 3165 532 3217 et
544 3159 616 3217 Filii
629 3166 660 3217 et
674 3158 804 3237 Spiritus
818 3159 927 3218 Sancti.
970 3160 1079 3218 Amen.

65 3240 136 3312 edic,
149 3239 288 3312 Domine,
302 3239 447 3296 annulum
460 3239 549 3312 huno,
565 3248 591 3298 et
604 3249 695 3298 cetera
708 3248 743 3298 ut
756 3260 856 3318 supra,
866 3261 895 3319 p.
912 3240 959 3299 27.

65 3325 120 3376 tter
134 3325 165 3376 et
177 3324 375 3390 conservator,
390 3327 417 3378 et
430 3327 521 3377 cetere
533 3328 681 3396 utsupra,
696 3340 724 3398 p.
741 3321 788 3380 27.

65 3419 100 3457 no
122 3399 228 3473 lepitar
246 3398 409 3456 dotalium:
441 3400 545 3458 deinde
563 3401 648 3458 detur
662 3401 792 3476 semina
835 3402 907 3474 Ques
927 3402 1070 3479 sipuellc
1091 3411 1139 3473 est,

65 3499 98 3536 ar
110 3499 204 3536 asana
216 3479 400 3554 dacoeperta
416 3479 444 3536 si
460 3479 561 3552 vidua,
577 3488 670 3539 tecta:
691 3489 718 3540 et
734 3490 827 3555 ponat
839 3483 979 3542 Sacerdos
997 3503 1063 3541 ιιιιιι
1077 3483 1140 3540 ciro

65 3560 224 3634 nprimurn
233 3559 380 3635 inpedias
388 3559 505 3617 diceres:
526 3559 565 3616 In
578 3562 699 3619 nomine
710 3560 809 3620 Petris
822 3582 830 3634 ;
849 3572 875 3620 et
884 3571 951 3638 post
959 3563 994 3619 ιἰι
1002 3562 1139 3631 ιἰιιίἱιιιιι,

64 3659 72 3710 ;
94 3639 198 3698 deinde
211 3639 245 3697 ιἰι
257 3639 409 3712 medioeres,
424 3646 455 3698 et
469 3639 599 3716 Spiritus
612 3640 722 3698 Sancti.
765 3642 873 3700 Amen.

65 3719 129 3777 [icat
141 3738 265 3795 spere-sus
277 3740 288 3778 .·

66 3807 112 3858 sto
126 3800 237 3858 annulo
248 3806 277 3857 te
291 3818 406 3876 sponso,
418 3806 449 3859 et
462 3819 528 3859 meo
541 3819 662 3879 corpore
675 3806 706 3859 te
719 3796 842 3873 honoro,
857 3798 937 3857 etde
951 3797 1010 3857 ists
1024 3798 1094 3857 dote
1108 3804 1140 3857 te

66 3961 176 4018 cambo
190 3960 232 4019 ad
238 3960 327 4038 pedes
340 3958 504 4022 Sacerdotis
518 3971 544 4021 te
551 3967 750 4039 mammet,
765 3968 792 4019 et
803 3957 945 4019 Sacerdos
957 3957 1058 4018 diem:

65 4040 213 4179 &Didii
248 4120 345 4198 Kyrie
359 4119 485 4195 eleyson
529 4121 620 4181 Peter
633 4127 741 4180 noster.

65 4210 165 4259 :untur
173 4222 272 4277 preces
284 4211 318 4260 at
331 4220 432 4276 srqrra,
447 4221 474 4278 p
491 4202 540 4260 28.

65 4282 244 4340 sAbrshsm
277 4301 293 4335 ι
338 4281 421 4339 Deus
434 4281 580 4356 vivorum,
596 4288 623 4341 et
636 4288 726 4342 cetera
738 4288 887 4358 utsupra,
901 4279 995 4360 pse

65 4363 127 4439 rice,
144 4362 281 4438 Domine,
293 4362 329 4419 <le
343 4358 429 4433 cerlis,
444 4369 472 4420 et
484 4370 576 4501 ιιιὲιῗ
588 4371 623 4421 ut
636 4382 728 4440 supra
739 4361 854 4422 ibidem.
