2768 4852
87 1041 252 1128 ORDO
292 1041 371 1125 ΑΙ)
405 1042 872 1128 PURIFIOANDUM
899 1042 1256 1127 MULIEREMr

136 1447 239 1508 Veniat
251 1447 393 1509 Sacerdos
405 1451 447 1510 ad
459 1451 567 1511 ostiam
579 1451 714 1512 Ecclesia
728 1462 754 1512 ct
771 1453 851 1513 dicct
859 1452 980 1514 mulieri
992 1455 1137 1532 accipiam
1149 1472 1214 1516 cam
1223 1474 1278 1534 per

55 1566 215 1608 monam:
254 1546 415 1625 Ingredere
426 1549 461 1607 in
473 1550 619 1629 templum
632 1550 700 1611 Dei

127 1643 235 1704 Postea
247 1643 326 1704 dicat
339 1644 417 1706 letata
429 1647 607 1709 Paalmam:
626 1647 679 1707 Ad
693 1655 725 1708 to
739 1649 839 1709 levavi
852 1669 919 1711 cum
933 1650 1038 1711 Gloria
1050 1652 1146 1713 Patri.
1190 1652 1276 1713 Sicut

55 1746 142 1803 erat.

127 1837 228 1914 Kyrie
241 1837 370 1916 eleyson.
414 1838 532 1899 Christo
546 1840 672 1917 eleyson.
717 1842 815 1920 Kyrie
827 1841 954 1922 eleyson.

127 1935 223 1994 Pater
235 1942 345 1994 noster.
388 1934 431 1994 Et
443 1955 481 1995 ne
495 1956 550 1996 noa
563 1937 695 1997 inducas.

127 2031 249 2091 Salvam
262 2033 310 2092 fac
323 2033 463 2092 ancillam
476 2039 581 2095 tuem:

126 2129 213 2189 Dens
226 2149 318 2203 meus,
333 2139 502 2208 sperantem
515 2134 549 2191 in
562 2139 601 2193 te.

126 2226 223 2286 Mitte
236 2228 264 2286 ei
276 2228 425 2287 auxilium
438 2230 475 2288 de
488 2237 614 2291 sancto:

126 2325 171 2384 Et
185 2326 222 2385 de
236 2325 309 2386 Sion
322 2332 408 2387 tuere
422 2348 496 2389 eam.

125 2421 268 2496 Domine,
283 2425 392 2483 exaudi
407 2425 572 2484 orationem
585 2443 701 2484 meam:

126 2519 172 2578 Et
185 2519 296 2578 clamor
308 2540 392 2581 meus
405 2523 444 2581 ad
458 2528 489 2581 te
503 2522 614 2581 veniat.

126 2617 277 2677 Dominus
290 2620 451 2679 vobiscum.
495 2621 537 2679 Et
550 2641 617 2680 cum
631 2619 741 2697 spiritu
754 2623 817 2677 tuo.
861 2618 993 2678 Oramus.

126 2715 221 2790 Deus,
246 2716 299 2793 qui
320 2717 397 2777 hanc
417 2718 560 2776 famulam
588 2725 672 2776 tuam
689 2717 724 2774 in
746 2716 884 2793 pariendi
903 2716 1035 2794 periculo
1055 2716 1196 2791 liberasti,
1220 2738 1279 2780 ser·

58 2815 200 2878 viantem
213 2816 261 2875 tui
278 2816 394 2875 nomini
414 2816 552 2874 devotam
566 2836 628 2875 esse
642 2815 788 2874 conceda:
808 2820 844 2873 ut
857 2815 1016 2893 temporali
1036 2835 1126 2875 cursu
1146 2816 1280 2877 fidelium

58 2919 264 2994 paractetum
281 2914 489 2974 misericordiae
507 2919 681 2992 perpetuam
698 2918 898 2990 consequatur
918 2913 1057 2991 quietem.
1101 2914 1160 2973 Per
1181 2915 1279 2976 Chris·

60 3018 145 3074 tum.

128 3112 215 3171 Tuae
231 3120 344 3188 πατριαὶ,
357 3121 385 3171 et
405 3118 450 3170 cot
470 3109 513 3169 ad
531 3109 625 3168 Iocum
644 3108 697 3167 aba·
716 3108 811 3168 sedere
830 3108 928 3168 dolcat
947 3128 1038 3186 usqua
1046 3119 1114 3187 poet
1131 3111 1280 3172 Missam:

55 3218 238 3289 parcamque
251 3209 348 3268 Missa
361 3217 464 3284 caract
477 3216 504 3267 et
522 3207 652 3266 reveniat
672 3207 714 3264 ad
733 3206 856 3266 aalma
870 3206 964 3266 locam
976 3208 1029 3267 abi
1037 3209 1136 3284 pauo,
1151 3208 1282 3268 videlicet

60 3307 106 3368 ad
128 3307 245 3383 aradam
261 3304 388 3376 altoris;
409 3314 435 3364 et
455 3305 498 3364 ihi
513 3307 694 3380 acauflactat,
715 3312 750 3361 ut
768 3311 865 3362 samos
885 3312 911 3362 et
929 3304 1052 3380 recipiat
1071 3304 1280 3364 absolutionem

60 3425 85 3466 a
97 3403 252 3464 Sacerdote
272 3405 324 3464 ltoc
344 3405 437 3464 modo.
480 3402 572 3462 Dicat
584 3401 745 3462 Sacerdos:
768 3402 956 3477 Misereatur‚
971 3410 996 3461 ct
1010 3411 1111 3464 catera.
1151 3403 1280 3462 Absolu-

59 3501 181 3561 tionem
202 3501 336 3559 omninm
357 3505 552 3579 peccatorum
595 3500 711 3559 Deimle
732 3498 880 3560 benedicat
895 3519 1014 3576 paoem,
1029 3508 1055 3560 cl
1075 3500 1122 3559 det
1139 3499 1280 3560 molari:

60 3599 174 3679 quiem
189 3599 320 3676 paractis
340 3608 388 3659 eat
408 3600 450 3658 ad
466 3598 602 3675 propria.

126 3891 141 3918 '
158 3889 222 3937 'l'hla
231 3888 304 3937 office
313 3889 336 3935 ts
344 3887 372 3934 in
381 3900 444 3934 none
454 3887 479 3934 ol
488 3887 530 3935 the
541 3885 615 3934 Mes.
641 3887 667 3935 It
681 3887 726 3934 has
735 3887 795 3935 been
806 3886 884 3936 added
894 3899 926 3933 on
935 3898 950 3933 a
959 3883 1037 3933 blank
1047 3894 1109 3945 page
1119 3881 1144 3929 ol
1153 3880 1195 3929 the
1205 3880 1276 3929 York

61 3967 131 4027 HS„
140 3966 168 4013 in
177 3979 193 4013 a
202 3965 264 4013 lator
273 3964 347 4023 hand,
357 3963 403 4012 bnt
412 3963 517 4011 without
528 3962 569 4009 the
579 3962 633 4011 first
642 3962 690 4009 and
699 3963 748 4010 last
758 3963 860 4008 rubrica.
