2768 4852
306 332 357 399 Its
375 332 500 401 Sem
520 331 664 402 sabbato
683 332 829 401 Pascite.

210 513 273 585 Qui
284 520 389 575 noster
400 516 558 589 Dominus,
573 517 627 593 qui
640 522 711 575 tuus
724 516 830 574 unicus

210 610 313 689 Spiret
324 613 363 672 de
375 614 474 691 petr-io
486 613 574 673 eorde
587 612 779 674 Pmuelitum.

433 708 555 770 Otos-us.
592 710 745 769 Inventor.

133 804 164 865 V.
208 803 268 864 Per
280 824 371 882 quem
383 805 519 883 splendet
530 806 634 879 honor,
648 806 724 875 leus,
737 806 892 884 sapientie,

210 904 362 981 Mujestag
378 905 507 977 bonitus,
521 912 553 963 et
565 905 661 983 pietus
674 910 737 975 tua,

211 1000 351 1078 Regnum
364 1001 540 1060 eontineuut
552 1000 688 1059 Numine
701 1000 822 1076 triplici,

210 1097 329 1157 Texens
341 1098 494 1177 perpetuis
515 1098 623 1159 secula
637 1097 759 1156 sseeulis.

433 1193 557 1257 odorus.
593 1194 750 1254 Inventor.

72 1290 196 1351 roedictie
210 1288 301 1353 omi.

72 1407 192 1459 aeones,
221 1397 380 1463 antequam
406 1398 504 1463 cenet,
527 1389 655 1467 postulet
682 1387 906 1447 bmedietiemm
932 1407 952 1446 a
979 1388 1115 1461 I'roelato,
1145 1398 1171 1448 et

72 1505 82 1542 >
96 1485 234 1556 Exultet,
247 1484 360 1562 deserat
372 1485 482 1545 librum
494 1486 623 1545 Proelato
635 1485 696 1562 (ad
707 1484 938 1562 secedendum:

72 1582 155 1641 ,uitet
172 1583 238 1659 jem
259 1583 394 1659 engelies
416 1583 507 1642 turbe
526 1583 666 1643 eaelorum
676 1603 685 1655 3
705 1582 844 1642 exultent
857 1581 960 1640 divine
974 1582 1123 1658 mysteria,
1140 1590 1171 1641 et

72 1679 114 1736 nti
126 1679 207 1757 regis
219 1680 347 1739 victorie
359 1680 435 1739 tube
450 1680 569 1739 intonet
588 1681 736 1738 saluteris.
779 1678 916 1736 Gaudeat
929 1697 960 1735 se
975 1678 1064 1736 tellus
1077 1680 1171 1737 tantis

72 1782 140 1833 ,tum
152 1775 329 1853 fulgoribus,
344 1782 376 1835 et
389 1777 494 1836 teter-ni
506 1776 585 1854 regis
597 1776 754 1853 splendore
768 1775 925 1832 lustrutem
941 1775 1034 1833 totius
1047 1775 1127 1832 orbis
1141 1796 1171 1831 se

72 1872 233 1932 temisisse
256 1874 422 1952 caliginem.
473 1875 608 1933 Laetetur
631 1880 662 1931 et
683 1880 780 1930 mater
802 1872 930 1943 ecclesia,
945 1871 1026 1929 tenti
1049 1872 1171 1931 luminis

71 1976 111 2029 ‚tu
132 1970 308 2047 fulgeribm,
330 1977 361 2029 et
382 1971 498 2049 mugnis
521 1970 697 2048 populorum
719 1969 842 2028 vocibus
863 1969 926 2026 haee
947 1968 1016 2026 auls
1037 1969 1168 2027 resultet.

71 2074 156 2145 opter
176 2068 346 2127 sstuntibus
372 2068 467 2142 nobis,
490 2068 598 2127 fratres
623 2066 776 2139 carissimi,
800 2066 839 2124 ud
860 2072 923 2124 tem
946 2066 1052 2123 mirem
1076 2068 1169 2125 suncti

76 2164 201 2223 luminis
220 2165 398 2238 cleritatem,
413 2184 474 2223 una
491 2183 617 2237 mecum,
632 2182 742 2239 queso,
756 2161 816 2220 Dei
835 2162 1048 2239 omnipotentis
1061 2162 1171 2220 miseri-

71 2280 97 2319 m
110 2261 258 2335 invoeste,
271 2262 376 2340 utqui
389 2282 437 2321 me
449 2281 511 2319 non
523 2261 598 2319 meis
618 2259 733 2317 meritis
746 2260 827 2317 intre
840 2259 999 2317 levitemrn
1014 2278 1171 2316 numerum

71 2378 124 2418 ure
136 2359 279 2437 dignutus
287 2365 341 2432 est,
352 2359 475 2417 luminis
488 2359 535 2417 sui
548 2357 645 2434 gratie
658 2356 846 2427 infundente,
857 2356 932 2415 cerei
947 2356 1036 2431 hujus
1050 2355 1168 2413 leudem

71 2456 243 2533 eperfieiet
286 2456 346 2516 Per
356 2455 520 2515 Dominum
533 2460 669 2512 nostrum
683 2454 790 2512 desum
803 2452 956 2510 (tinistum
971 2452 1081 2509 Filium
1094 2453 1167 2527 ejus,

71 2571 109 2609 rm
121 2570 158 2611 so
169 2551 295 2610 visitet
307 2558 412 2629 regnet
434 2551 518 2608 Deus
530 2551 563 2607 in
576 2549 695 2606 unitate
716 2548 847 2625 Spiritus
868 2548 979 2620 Sancti,
996 2548 1054 2605 Per
1068 2549 1168 2607 omnin

71 2648 273 2709 ‚seculomm
312 2649 421 2707 Amen.

71 2744 177 2803 »minus
189 2744 350 2805 vobiscum.
385 2745 427 2802 Et
440 2763 509 2803 eum
522 2742 630 2819 spiritu
645 2750 707 2801 tuo.

71 2860 153 2899 reum
165 2842 262 2900 eorde,

71 2941 185 2997 ibemus
198 2939 236 2999 ed
250 2938 422 2998 Dominum.

70 3036 149 3093 atius
161 3055 284 3113 egemus
296 3037 428 3095 Domino
442 3036 508 3094 Deo
521 3042 631 3093 nostro.

70 3152 164 3208 gnum
177 3139 208 3191 et
221 3141 253 3192 et
261 3135 380 3210 justum
393 3139 447 3193 est.

70 3249 109 3287 re
128 3231 201 3307 quie
219 3231 344 3308 dignum
364 3236 395 3289 et
410 3232 529 3307 justum
549 3236 595 3287 est
614 3227 796 3285 invisibilem
818 3228 917 3286 Deum
937 3230 1170 3306 omnipotentem

70 3346 95 3396 n,
133 3325 304 3404 Filiumqus
344 3329 409 3405 ejus
449 3324 648 3404 unigenitum,
684 3325 847 3382 Dominum
889 3334 1024 3384 nost-rum
1065 3327 1169 3385 desum

70 3443 130 3494 um,
148 3443 217 3482 eum
241 3424 350 3484 Seneto
374 3424 499 3501 Spiritu,
514 3428 579 3481 toto
600 3422 696 3480 cordis
720 3443 753 3481 ec
777 3424 887 3482 mentis
911 3426 1018 3482 affectu
1039 3432 1071 3482 et
1091 3424 1171 3482 vocis

70 3522 132 3579 erio
152 3540 319 3597 personare,
333 3523 454 3600 quipse
470 3520 556 3580 nobis
575 3526 686 3578 aeterno
710 3521 796 3579 Patri
817 3522 894 3579 Adm
916 3523 1050 3581 debitum
1069 3522 1169 3594 solvit,

70 3618 120 3676 eris
133 3619 245 3695 pisculi
264 3620 433 3678 esutionem
453 3618 503 3695 pio
524 3636 627 3676 cruore
647 3617 777 3677 detersit.
821 3618 897 3677 Herc
911 3628 981 3677 sunt
999 3619 1080 3677 enirn
1093 3619 1170 3677 festa

70 3715 120 3787 lia,
135 3715 168 3773 in
182 3717 291 3792 quibus
304 3737 392 3776 verus
412 3716 464 3773 ille
483 3733 577 3792 eguus
597 3714 750 3787 oeciditur,
766 3717 887 3792 ejusque
907 3717 1049 3794 sengurine
1071 3721 1171 3790 postes

70 3820 185 3872 rentur.
228 3813 304 3874 Haee
317 3835 379 3874 nox
392 3820 447 3887 est,
461 3814 494 3871 in
507 3832 567 3891 que
586 3812 716 3888 primum
736 3819 835 3889 patres
856 3820 972 3870 nostros
987 3813 1061 3869 filios
1075 3812 1171 3870 Israel

71 3912 136 3971 sde
150 3912 285 3991 AEgypto
304 3913 430 3971 rubrum
451 3931 533 3970 mere
554 3911 630 3969 sicco
644 3911 770 3987 vestigio
792 3910 920 3967 transire
945 3909 1048 3966 fecisti.
1093 3909 1170 3966 lime

91 4029 154 4067 nox
188 4014 242 4083 est,
277 4029 344 4086 quse
377 4016 565 4087 peceetomm
599 4008 735 4066 tenebras
769 4006 913 4064 columnm
948 4004 1168 4061 illuminet-ione

69 4105 113 4162 :is
158 4104 234 4163 Haee
246 4112 371 4177 noscet,
383 4125 449 4182 qum
462 4105 550 4163 hodie
563 4123 617 4180 per
625 4103 800 4160 universum
811 4100 956 4158 mundum
970 4100 1002 4157 in
1017 4098 1170 4157 Christum

71 4210 126 4274 tes,
143 4219 162 4258 e
174 4201 260 4260 vitiis
274 4202 373 4261 soeeuli
383 4207 549 4278 segregatos
559 4206 590 4258 et
600 4198 725 4275 ealigine
736 4202 934 4272 peccatorum,
944 4194 1043 4253 reddit
1055 4195 1170 4271 gmtim,

81 4297 246 4357 sanctitati.
303 4298 379 4357 Hsee
405 4317 466 4356 nox
490 4304 544 4370 est,
570 4298 603 4355 in
630 4315 691 4373 que
717 4294 877 4352 destructis
910 4292 1015 4351 mortis
1042 4293 1172 4352 vinculis

69 4414 102 4454 ns
116 4394 156 4453 ab
169 4393 274 4453 inferis
286 4395 384 4455 vietor
398 4393 538 4454 aseendit
582 4392 669 4451 Nihil
683 4389 763 4449 enim
776 4389 863 4450 nobis
875 4391 956 4450 nesci
970 4388 1094 4469 prefuit,
1109 4389 1170 4450 nisi

557 4504 582 4547 Β
