2768 4852
139 368 181 432 oo
467 358 627 427 omae
642 358 809 449 faenum
829 358 1026 447 mama

137 554 225 605 extra
248 564 354 623 corpus
377 552 431 602 est.
475 543 535 614 Qui
558 548 660 601 autom
682 542 856 617 fornicetur,
870 542 905 601 in
924 562 1032 621 corpus
1044 562 1138 603 suum
1151 552 1257 622 peccet.
1290 542 1332 601 du
1382 539 1384 544 ’

138 645 261 703 nescitis
284 644 425 721 quonism
449 660 572 717 corpora
594 647 695 699 vestra
714 640 863 719 templum
879 647 953 700 suut
972 640 1110 720 Spiritus
1134 642 1245 715 Sancti,
1255 640 1334 720 quiin

139 742 224 800 nobis
244 746 308 813 est3
329 759 418 817 quem
431 738 548 796 habetis
561 757 580 795 a
593 736 668 810 Deo,
688 743 720 796 et
736 757 797 796 non
817 737 889 797 estis
908 738 1011 798 vestri
1055 739 1168 817 Empti
1187 740 1264 799 enim
1280 738 1338 799 ostii

138 840 234 917 pretio
248 858 364 915 magno.
407 836 580 895 Glorificote
593 842 625 894 et
637 840 755 913 portate
769 836 869 895 Deum
883 836 916 894 in
929 854 1053 915 corpore
1067 843 1186 897 vestro.

200 945 438 1022 Ilespousorium.

182 1030 382 1102 'Beriedio'tds'
394 1032 586 1114 e's‚])0mine‚
599 1039 653 1118 qni
665 1039 794 1098 intueris
806 1039 929 1117 abyssos
938 1045 970 1099 et
978 1039 1065 1099 sedes
1078 1060 1174 1118 super
1187 1039 1340 1101 Cherubim

144 1140 174 1199 l'.
201 1140 375 1199 Benedicito
403 1138 502 1196 Deum
529 1137 602 1209 caeli,
627 1136 698 1214 quio
719 1136 792 1195 iecit
818 1136 972 1195 nobiscum
1000 1136 1242 1197 misericordiam
1263 1156 1342 1197 sum

142 1239 289 1316 Alleluyu„

145 1340 175 1398 V.
201 1338 382 1397 Benedictus
395 1357 435 1410 es,
461 1336 600 1408 Domine,
625 1334 708 1393 Deus
731 1339 852 1412 petrum
876 1338 1059 1407 nostrorum,
1083 1339 1117 1394 et
1140 1334 1299 1395 laudabilis
1317 1333 1345 1392 iu

139 1437 256 1495 saecula.

185 1530 384 1621 ‘Separatio‘

138 1632 303 1689 Benedicta
314 1614 356 1686 'ut
370 1618 458 1685 heato
472 1626 614 1699 Trinitas,
629 1625 735 1684 Deitas
748 1631 861 1683 aeterna
873 1623 995 1702 pariter,
1009 1628 1188 1705 coaequalis
1200 1627 1307 1707 gloria:

140 1731 223 1788 Deus
244 1729 379 1799 Genitor,
401 1726 502 1783 Natus
521 1725 651 1802 genitus,
675 1743 743 1783 eum
767 1743 850 1783 sacro
874 1722 1041 1783 Pneunmto
1063 1744 1250 1803 permaneus
1270 1740 1344 1801 super

260 1844 348 1882 ornae
363 1823 443 1900 quod
457 1827 577 1880 exstat:

139 1924 256 1994 Quibus
269 1931 315 1981 est
330 1942 390 1979 una
403 1940 520 1995 semper
534 1918 682 1991 voluntas,
697 1925 728 1977 et
741 1937 761 1976 a
773 1937 805 1977 se
818 1917 986 1995 discrepans
1006 1916 1092 1977 baud
1111 1938 1252 1998 unquam
1263 1918 1344 1999 tripli

262 2028 330 2077 cata
343 2038 477 2095 persona.

140 2116 221 2174 Nam
234 2122 352 2173 constat
367 2114 474 2172 Deitas
494 2133 563 2183 uua,
577 2132 638 2171 non
658 2112 692 2171 in
711 2118 774 2172 tres
794 2112 875 2173 Deos
894 2113 998 2187 divisa,
1013 2114 1098 2193 quod
1118 2116 1196 2175 fides
1215 2116 1343 2177 tutotuto

261 2213 381 2270 Cluisto
395 2212 560 2270 orthodoxe
574 2211 662 2271 edita.

140 2309 216 2368 Haec
229 2328 359 2385 nonaque
373 2310 459 2386 pellit
477 2308 593 2378 delicta,
609 2307 738 2383 patriam
758 2308 839 2368 cedit
857 2328 1001 2383 serenam,
1016 2328 1078 2388 qua
1092 2310 1217 2371 dulcem
1223 2311 1342 2392 jubilmt

260 2408 380 2484 agmina
394 2407 601 2483 symphoniam
616 2407 732 2465 calice:

138 2505 311 2564 Altithroni
325 2505 451 2580 vestigia
465 2505 625 2562 imitantur
638 2505 722 2562 stolis
735 2504 901 2577 candidate,

138 2603 382 2680 Operiunturque
397 2603 483 2659 binas
497 2622 570 2679 quas
584 2610 706 2679 captant
720 2610 788 2680 post
802 2604 882 2662 saecli
895 2603 1075 2663 discrimina.

138 2700 180 2756 Et
194 2719 256 2771 nos,
272 2719 345 2775 qnos
360 2699 493 2755 illustrat
506 2699 603 2775 gnatia
619 2700 677 2757 Dei
691 2719 806 2776 stipem,
821 2699 926 2758 demus
939 2706 1042 2759 nostra
1054 2700 1182 2777 debita3

138 2797 289 2866 Quatinus
303 2803 422 2855 caterva
436 2797 534 2854 ciclica
548 2798 633 2854 uobis
648 2803 766 2854 maneat
779 2803 847 2873 post
859 2797 966 2855 funcra
978 2798 1066 2871 socia,

138 2894 316 2968 Ultimaque
331 2900 398 2969 post
412 2902 477 2951 octa
491 2894 664 2951 discrimina
677 2897 822 2972 possimus
836 2895 899 2953 alta
912 2894 1026 2972 perfrui
1039 2914 1113 2955 mox
1127 2898 1251 2975 palatis,

138 2990 205 3059 Quo
223 2992 377 3066 perspicua
395 2992 502 3067 flagrat
521 2992 574 3049 lux
590 3012 712 3049 accense
729 2993 879 3050 constanti
893 2993 1021 3067 flammo,
1037 3012 1097 3071 quo
1113 2994 1201 3056 Deus
1214 3004 1268 3073 est,
1277 2994 1339 3055 visio

259 3095 362 3145 nostra
376 3096 406 3146 ct
421 3089 500 3146 salus
515 3096 636 3163 retorna,

136 3186 323 3263 Angelorum
338 3208 403 3264 quae
418 3188 551 3246 illustrat
565 3189 685 3247 sortiter
698 3195 827 3266 pectora,

138 3285 233 3343 Utin
247 3284 367 3343 Christo
381 3287 443 3343 solo
457 3306 511 3344 suo
525 3288 656 3364 defigant
670 3287 794 3346 lumina.

137 3380 213 3440 Hae
227 3402 355 3458 namque
369 3389 415 3441 est
428 3383 495 3440 sitis
508 3385 562 3443 illa
575 3384 712 3461 flagrans,
724 3404 784 3461 qua
794 3390 867 3443 tunc
877 3384 983 3444 sitient
996 3384 1104 3446 animae
1119 3396 1292 3451 sanctorum
1299 3386 1338 3445 vel

261 3498 393 3554 corpora,

135 3575 214 3634 (lum
227 3578 243 3633 f
243 3580 341 3636 norint
355 3580 426 3638 data
439 3586 583 3658 perpetua
596 3581 638 3639 eis
652 3600 706 3657 pro
719 3580 807 3639 bonis
820 3600 839 3639 a
847 3580 949 3658 judice
963 3581 1094 3658 proemia.

197 3706 366 3765 Socrunlma
379 3708 556 3769 Joluuuuuu
570 3710 587 3786 (
590 3710 632 3769 iii.
650 3710 767 3788 27-29).

197 3804 237 3861 In
264 3805 317 3862 illo
344 3813 485 3883 tempore,
510 3808 705 3884 Respondeas
731 3809 753 3867 J
756 3807 888 3867 ohannes
912 3808 1009 3869 dixit:
1040 3808 1114 3868 Non
1138 3818 1245 3889 potest
1265 3813 1338 3873 homo

134 3903 267 3980 accipere
281 3904 449 3980 quicquam,
464 3904 522 3962 nisi
537 3905 642 3962 datum
654 3905 748 3962 fuerit
760 3906 806 3963 illi
820 3906 858 3965 de
872 3906 950 3965 calo.
995 3906 1061 3985 Ipsi
1075 3926 1129 3966 vos
1145 3911 1339 3971 testimonium

135 4001 339 4076 perhibebitis,
354 4002 434 4078 quod
448 4002 576 4059 dixerim
590 4024 595 4061 :
619 4003 682 4080 Ego
696 4023 758 4061 non
771 4024 837 4062 siun
849 4004 997 4079 Christus,
1008 4004 1061 4065 sed
1074 4006 1148 4084 quia
1162 4011 1275 4071 missus
1286 4024 1340 4070 sum

134 4106 205 4155 ante
219 4099 313 4156 illum.
359 4100 418 4169 Qui
432 4100 522 4158 habet
537 4120 674 4177 sponsam
693 4121 816 4178 sponsus
829 4109 882 4163 est,
925 4102 1052 4161 Amicus
1064 4109 1171 4164 sutem
1184 4108 1288 4185 sponsi
1298 4102 1340 4185 qul

135 4198 196 4249 stat
219 4199 250 4250 et
273 4194 359 4252 audit
382 4215 459 4268 eum,
485 4198 593 4273 gaudio
617 4199 726 4275 gaudet
751 4206 872 4276 propter
895 4219 997 4258 uocem
1021 4202 1131 4278 sponsi.
1188 4204 1261 4267 Hoc
1283 4218 1340 4281 ergo

134 4287 277 4363 gandium
292 4310 390 4348 meum
405 4292 562 4369 impletum
577 4301 630 4368 ost,
646 4301 681 4352 ut
695 4301 726 4353 et
738 4297 879 4374 gaudium
894 4304 1029 4356 vestrum
1042 4297 1220 4377 impleatur.

504 4448 515 4467 “
533 4447 584 4494 Om.
596 4448 640 4494 Ed.
652 4448 700 4494 oud
711 4449 794 4511 MSS„
804 4452 892 4512 except
904 4452 978 4498 Yorln
