2768 4852
164 325 206 390 56
518 318 773 388 Oonnrwaddtio
794 319 1020 388 Animorum

158 504 386 563 similitudinem
410 509 494 562 tuam
521 503 666 580 inspirare
693 502 833 579 dignatus
859 522 899 576 es,
921 502 994 561 dum
1018 509 1049 562 te
1068 503 1198 580 jubente
1221 504 1323 582 pulvis
1342 506 1372 561 in

157 602 310 680 pulverem
337 602 518 674 revertitur3
542 607 579 658 tu
602 599 762 676 imaginem
789 606 874 658 tuam
901 620 969 659 cum
996 602 1106 659 sanctis
1133 607 1165 661 et
1192 602 1296 660 electis
1315 603 1372 662 tuis

158 699 278 757 aeternis
291 699 411 756 sedibus
430 698 583 775 praecipias
604 697 718 770 sociari,
733 717 856 774 eamque
869 699 907 756 ad
927 706 959 757 te
979 705 1182 758 revertentem
1196 699 1235 758 de
1247 699 1370 778 AEgypti

156 797 292 873 partibus
316 797 423 854 blande
444 796 611 873 leniterque
635 795 786 872 suscipias,
803 802 834 853 et
853 795 973 873 angelos
994 802 1062 854 tuos
1080 803 1199 855 muetos
1213 797 1242 855 ei
1255 797 1369 856 obviam

157 894 269 962 mittas,
297 893 437 969 viamque
463 893 510 951 illi
533 893 661 969 justitiae
682 892 859 965 demonstra,
887 898 918 950 et
944 898 1045 969 portus
1071 893 1174 969 gloriae
1201 899 1263 952 tuae
1283 894 1365 971 aperi.

158 989 291 1067 Repelle,
302 1009 480 1066 quaesumus,
492 991 530 1046 ab
544 1009 579 1047 ea
592 1008 694 1046 omnes
707 988 855 1065 principes
865 989 1065 1061 tenebrarum,
1079 994 1112 1047 et
1124 1008 1251 1066 agnosce
1263 989 1367 1066 deposi-

157 1092 224 1145 tum
245 1087 331 1144 fidele
352 1087 430 1161 quod
451 1093 539 1144 tuum
560 1091 613 1144 est
657 1085 788 1162 suscipe,
810 1085 948 1158 Domine,
970 1092 1138 1144 creaturam
1158 1091 1245 1144 tuam
1260 1105 1365 1145 nouex

157 1183 216 1242 diis
228 1182 334 1240 alienis
348 1189 486 1256 creatam,
501 1184 551 1241 sed
573 1201 591 1240 a
611 1187 642 1241 te
655 1181 717 1240 solo
737 1181 803 1240 Deo
820 1182 891 1240 vivo
907 1189 939 1241 et
955 1202 1026 1241 vero
1041 1204 1048 1240 :
1072 1183 1146 1259 quia
1164 1202 1227 1241 non
1239 1191 1284 1241 eat
1296 1181 1364 1240 nlius

158 1286 268 1346 praeter
287 1285 327 1348 te,
342 1278 481 1351 Domine,
496 1284 527 1336 et
547 1298 608 1336 non
625 1283 671 1336 est
688 1277 851 1337 secundum
871 1285 1039 1355 operatua
1083 1278 1227 1351 Laetificat,
1249 1278 1361 1338 clemen·

156 1377 270 1435 tissime
285 1376 377 1447 Deua,
392 1378 523 1434 animam
544 1377 624 1435 servi
643 1375 699 1448 tui,
716 1382 747 1434 et
767 1375 895 1434 clarifica
907 1396 972 1434 eam
993 1377 1026 1434 in
1044 1376 1243 1437 multitudine
1261 1376 1361 1434 miseri·

157 1474 264 1531 cordiae
277 1479 345 1530 tue.
390 1472 438 1530 Ne
459 1473 636 1545 memineris,
651 1491 830 1548 quesumus,
852 1470 990 1546 Domine,
1005 1473 1205 1550 iniquitatum
1221 1475 1285 1551 ejus
1296 1472 1360 1530 anti·

157 1588 283 1647 quarum
298 1579 329 1629 et
351 1572 529 1627 ebrietatum
550 1571 614 1646 ejus
635 1589 709 1646 quas
730 1559 885 1628 suscitavit
907 1570 991 1628 furor
1007 1570 1080 1628 mali
1097 1570 1245 1629 desiderii.
1287 1569 1359 1628 Licet

156 1669 237 1726 euim
251 1670 424 1745 peccaverit,
438 1676 539 1726 tamen
553 1673 583 1726 te
603 1687 665 1725 non
684 1668 814 1743 negavit,
830 1667 881 1725 sed
898 1669 983 1746 signo
996 1668 1066 1726 fidei
1080 1668 1249 1745 insignitus,
1265 1673 1302 1740 te,
1314 1666 1358 1744 qui

156 1765 257 1823 omnia
269 1773 301 1824 et
314 1787 382 1825 eum
396 1766 476 1823 inter
489 1765 590 1822 omnia
602 1763 709 1835 fecisti,
724 1764 852 1821 fideliter
865 1765 1011 1823 exoravit
1055 1764 1117 1834 Qui
1131 1764 1210 1824 vivis
1222 1771 1253 1824 et
1266 1780 1356 1841 regnu

157 1861 247 1933 Deus,
263 1882 316 1938 per
330 1864 429 1921 omnia
442 1861 549 1920 saecula
558 1860 740 1920 saeculorum.
784 1861 891 1920 Amen.

217 1959 399 2035 Antiphone.

218 2057 333 2116 Chorus
351 2058 523 2136 angelorum
537 2064 568 2115 te
581 2047 732 2133 suscipiat,
747 2055 824 2114 etin
838 2056 906 2113 sinu
919 2055 1051 2115 Abrahae
1065 2063 1097 2114 te
1111 2055 1242 2130 collocet,
1256 2060 1351 2113 etcum

157 2153 268 2212 Lazaro
281 2157 432 2230 quondam
445 2174 575 2231 paupere
588 2158 730 2212 aeternam
743 2151 851 2211 habeas
865 2152 1005 2230 requiem.

217 2252 363 2310 Paolmaa.
407 2253 511 2310 Dilexi
524 2251 665 2328 quoniam
682 2251 752 2327 (Pe.
769 2250 864 2327 cciv.)

217 2350 366 2409 Paalmzaa.
411 2350 530 2408 Credidi
543 2356 666 2427 propter
678 2348 757 2425 quod
771 2348 839 2427 (Pe.
856 2349 935 2426 coc.)

216 2447 362 2505 Paalmua.
406 2448 540 2505 Laudato
554 2445 720 2504 Dominum
733 2447 804 2522 (Pe.
820 2445 913 2524 cavi.)

214 2545 361 2603 Psalmua.
406 2542 599 2601 Confitemini
612 2542 679 2619 (Pa.
696 2542 803 2619 cxvii)

215 2641 361 2699 Paulinus.
406 2640 493 2697 Beati
506 2639 680 2696 immaculet
692 2639 759 2714 (Pa.
775 2636 870 2696 cxciii.
887 2658 978 2714 usque
992 2638 1026 2696 in
1032 2636 1129 2713 finem
1143 2637 1283 2716 Psalmi).

215 2736 397 2813 Antiphone.

214 2833 329 2890 Chorus
350 2832 522 2908 angelorum
536 2837 567 2888 te
581 2831 723 2907 suscipiat
736 2838 767 2889 et
780 2831 813 2887 in
830 2831 899 2888 sinu
916 2830 1048 2889 Abrahae
1062 2837 1094 2890 te
1107 2831 1238 2905 collocet,
1253 2837 1283 2889 et
1293 2844 1345 2888 cum

159 2930 268 2987 Lazaro
282 2930 432 3005 quondam
446 2948 576 3004 paupere
594 2935 736 2986 aeternam
750 2927 866 2985 habeas

216 3026 365 3102 Requiem
380 3033 521 3084 aeternam
535 3025 614 3081 dona
627 3024 679 3095 eis,
695 3024 824 3083 Domine
839 3047 846 3084 :

216 3123 258 3180 Et
272 3123 325 3180 lux
340 3129 484 3199 perpetua
497 3123 596 3179 luceat
609 3121 660 3181 eis.

215 3218 313 3294 Kyrie
327 3219 453 3294 eleyson.
499 3217 618 3275 Christe
632 3217 760 3292 eleyson.
803 3215 900 3292 Kyrie
913 3215 1041 3293 eleyson.

216 3314 308 3372 Pater
321 3322 431 3372 noster.

215 3412 349 3469 Orcmua
395 3410 505 3469 Oratio.

214 3509 283 3566 Diri
305 3509 437 3565 vulneris
459 3508 594 3565 novitate
621 3507 752 3583 percussi
776 3513 806 3564 et
834 3507 1052 3583 quodammodo
1072 3508 1211 3567 cordibus
1231 3501 1343 3573 muc'mt'.

152 3604 383 3663 misericordiam
404 3612 496 3674 tuam,
518 3604 624 3661 mundi
645 3603 837 3679 Redemptor,
852 3603 1001 3661 flebilibus
1021 3605 1144 3663 vocibus
1164 3605 1343 3682 impleamus.

153 3709 188 3760 ut
202 3703 262 3760 cari
279 3703 375 3759 nostri
395 3702 525 3758 animam
546 3701 584 3757 ad
604 3707 688 3758 tuam
709 3700 905 3770 clementiam,
921 3699 974 3774 qui
987 3698 1054 3757 fons
1075 3702 1197 3776 pietatis
1217 3721 1257 3773 es,
1270 3715 1344 3760 rever¹

152 3804 275 3871 tentem,
290 3798 398 3855 blande
417 3797 582 3872 leniterque
596 3796 746 3872 suscipias,
762 3803 879 3871 atquae
893 3795 946 3852 illu
959 3816 997 3853 ex
1010 3797 1123 3854 carnali
1137 3796 1344 3858 commorationi

150 3897 301 3957 ‘contraxit
321 3894 459 3964 maculas,
475 3899 509 3950 tu
524 3894 606 3950 Deus
626 3893 732 3950 inolita
753 3893 887 3950 bonitate
907 3892 1068 3950 clementer
1089 3892 1194 3966 deleas,
1210 3895 1260 3972 pie
1270 3886 1345 3952 indul·

150 4015 227 4073 geas,
242 3994 387 4053 oblivioni
401 3993 433 4049 in
448 3997 625 4069 perpetuum
646 3991 746 4048 tradas
767 3998 857 4067 atque
878 3990 953 4048 hanc
974 3991 1093 4049 laudem
1106 3993 1165 4050 tibi
1178 4012 1249 4051 cum
1261 3985 1345 4052 etei

151 4093 336 4151 reddituram
363 4098 394 4148 et
420 4091 458 4148 ad
486 4110 592 4167 corpus
619 4089 795 4166 quandoque
824 4108 1022 4146 reversuram·
1043 4096 1217 4148 sanctorum
1244 4099 1345 4149 tuom!

151 4190 275 4248 coetibus
288 4190 440 4267 aggregari
456 4188 625 4265 praecipias3
647 4187 788 4257 Quicum
803 4186 868 4244 Deo
883 4187 973 4245 Patre
987 4194 1018 4244 et
1033 4187 1149 4264 Spiritu
1164 4187 1275 4248 Sancto
1287 4180 1345 4245 ἤτ’·

152 4290 183 4365 et
196 4305 301 4362 regnas
316 4287 398 4343 Deus
412 4306 465 4362 per
479 4286 579 4344 omnia
593 4285 700 4343 saecula
714 4285 895 4344 saeculorum.
939 4286 1048 4345 Amen.

213 4383 273 4442 Hic
286 4392 366 4459 repet
378 4384 597 4443 circumcinctae
609 4402 693 4442 orare
702 4403 759 4458 pro
774 4403 812 4442 eo.
