2768 4852
164 50 411 197 Quum
436 114 519 198 AD
547 114 905 201 anemurium
934 113 1271 199 SPONSALIA.

700 534 720 600 I

175 677 295 763 lmen
314 704 400 764 rnre
420 704 680 766 Ponrrmosn
700 707 755 767 or
774 707 1058 767 saonersnor
1079 707 1254 768 resurr

624 867 802 927 Seorsrnra

174 938 278 1004 Oratio
290 945 489 1005 Matrimonii.

171 1015 337 1085 Benedicat
347 1045 401 1085 vos
415 1026 571 1100 Dominus,
582 1034 614 1086 et
623 1028 771 1088 custodiat
782 1049 835 1088 vos
844 1030 990 1101 Christus,
1004 1030 1199 1106 ostendatque
1213 1030 1315 1088 Domi-

64 1150 77 1163 .
87 1070 169 1155 Ν
183 1105 305 1165 vultum
325 1125 413 1165 auum
432 1106 471 1164 ad
488 1126 550 1179 voe,
566 1113 598 1167 et
614 1109 666 1166 det
681 1109 767 1168 robis
783 1129 894 1188 pacem,
908 1110 1089 1188 impleatque
1107 1129 1160 1168 vos
1178 1108 1314 1168 (thr-istus

88 1158 191 1245 9¹¹OE
203 1186 411 1245 benedictione
423 1186 550 1264 spiritali
560 1188 593 1246 in
603 1190 804 1249 remissionem
819 1198 1013 1268 peccatorum,
1023 1191 1057 1248 in
1066 1191 1161 1247 vitam
1175 1193 1315 1247 eternam

90 1240 150 1311 ¹¹¹
159 1266 265 1325 secun
277 1266 458 1328 seculorum

172 1426 308 1505 Respice,
326 1427 464 1501 Domine,
478 1429 516 1486 de
533 1429 604 1488 caelo
620 1449 709 1508 super
726 1430 803 1490 hune
820 1431 1056 1505 conventionem,
1076 1437 1168 1508 atque
1184 1433 1315 1493 sanemur

93 1478 291 1647 ‘llgnprlnque
304 1513 388 1567 tuam
400 1508 635 1569 benedictionem
648 1531 737 1589 super
750 1530 800 1570 eos
812 1512 966 1590 profunde.

212 1609 253 1648 ur.

172 1668 335 1728 Benedicat
347 1687 402 1727 vos
417 1670 508 1729 Pater
524 1676 555 1729 et
575 1670 671 1731 Filius
684 1675 715 1732 et
733 1671 863 1751 Spiritus
883 1672 1018 1746 Sanctus,
1033 1674 1086 1750 qui
1102 1673 1201 1734 trinus
1220 1677 1267 1730 est
1283 1671 1315 1727 in

98 1738 235 1809 humero
248 1755 281 1809 et
293 1769 371 1809 unus
385 1750 417 1808 iu
431 1751 558 1810 nomine.

173 1829 338 1890 Benedictio
353 1830 484 1891 ttoumi.

173 1910 312 1984 Benedic,
331 1910 468 1981 Domine,
483 1909 648 1970 thalamum
664 1912 730 1985 hoc,
749 1920 780 1971 et
797 1932 899 1972 omnes
920 1912 1089 1973 habitantes
1110 1915 1143 1971 iu
1164 1934 1207 1988 eo,
1226 1922 1262 1973 ut
1283 1915 1316 1972 in

101 1994 211 2049 §more
228 1996 283 2050 tuo
299 1990 407 2049 vivant
423 1998 455 2049 et
470 1997 624 2050 senescant
640 1998 670 2051 et
687 1992 926 2072 multiplicentur
938 1995 972 2052 in
988 1993 1174 2071 longitudine
1191 1994 1313 2054 dierum.

105 2056 173 2129 Por
185 2070 360 2209 Dominum.

173 2150 198 2208 Α
213 2151 252 2211 io.
332 2186 336 2194 ·

173 2230 314 2303 Benedic,
334 2231 471 2305 Domine,
492 2232 564 2291 istos
583 2231 824 2305 adolescentulos,
844 2233 922 2293 sicut
942 2232 1122 2293 benedixisti
1142 2232 1265 2292 Tobiam
1285 2240 1317 2295 et

111 2310 232 2371 Suram
245 2311 339 2370 filiam
357 2310 521 2388 Raguelis:
543 2313 589 2371 ita
600 2312 772 2372 benedicere
789 2314 927 2391 digneris,
944 2316 1082 2387 Domine,
1098 2321 1134 2372 ut
1150 2314 1184 2372 in
1197 2315 1316 2373 nomine

108 2398 168 2453 tuo
184 2393 291 2451 vivant
307 2395 339 2451 et
356 2396 509 2450 senescunt
522 2398 553 2451 et
569 2392 808 2470 multiplicentur
823 2396 857 2452 in
875 2395 1061 2474 longitudine
1082 2395 1208 2454 dierum.
1248 2394 1314 2454 Per.

172 2472 340 2532 Benedictio
353 2472 468 2531 eeneii.

174 2552 298 2611 Oresten
311 2559 343 2610 et
355 2553 681 2612 conservatorhumani
692 2554 815 2631 generis,
827 2555 913 2615 dator
925 2557 1028 2635 gratia
1041 2557 1193 2635 spiritalis,
1208 2561 1317 2615 aeterne

112 2632 206 2772 ξω,
221 2638 256 2692 tu
276 2632 418 2711 permitte
435 2632 582 2712 Spiritum
599 2633 742 2693 Sanctum
760 2634 942 2696 Puraolitum
959 2658 1049 2716 super
1065 2638 1146 2698 hunc
1162 2636 1315 2697 annulum.

139 2732 180 2772 er.

174 2792 343 2853 Benedictio
356 2793 428 2853 lecti.

174 2873 314 2946 Benedic,
328 2874 465 2947 Domine,
480 2873 591 2933 lectum
607 2876 708 2949 istum,
722 2882 753 2935 et
770 2895 872 2934 omnes
887 2875 1059 2934 habitantes
1075 2877 1107 2934 in
1122 2896 1165 2948 eo,
1180 2883 1216 2936 ut
1232 2878 1273 2937 ait
1285 2880 1318 2937 in

113 2953 157 3013 eis
176 2954 320 3012 sanctitas
338 2960 370 3013 et
390 2954 511 3014 castitas
527 2962 558 3014 et
578 2954 685 3016 lenitas
705 2961 737 3014 et
753 2955 909 3032 plenitudo
925 2954 998 3032 legia
1015 2958 1047 3012 et
1067 2956 1234 3015 obedientie
1253 2957 1319 3016 Deo

113 3032 201 3093 Patri
214 3039 245 3093 et
258 3034 387 3112 Spiritui
400 3034 509 3095 Sancto
523 3036 609 3115 (aio).
652 3036 717 3095 Per.

175 3114 338 3174 Banedicat
358 3122 390 3174 te
409 3116 492 3175 Deus
509 3115 608 3191 Pater,
621 3123 707 3176 met
721 3122 752 3174 te
772 3114 832 3174 Dei
852 3111 957 3186 Filius,
970 3112 1122 3172 illuminet
1138 3120 1168 3173 te
1189 3114 1319 3192 Spiritus

113 3194 251 3269 Sanctus,
266 3214 372 3274 corpus
387 3202 474 3255 tuum
492 3196 647 3269 crutodiat,
663 3196 794 3255 enimam
806 3199 891 3253 tuam
903 3192 1008 3265 salvet,
1023 3212 1074 3252 cor
1086 3198 1172 3252 tuom
1186 3195 1317 3271 irradiet,

112 3294 234 3336 sensum
246 3281 334 3335 tuum
347 3277 466 3355 diriget,
480 3282 512 3336 et
525 3276 563 3336 ad
576 3296 734 3355 supernam
747 3275 840 3334 vitam
855 3279 886 3332 te
898 3272 1047 3351 perducat
1090 3273 1156 3332 Per.

177 3356 351 3416 Benedictio
364 3357 489 3417 Domini
501 3356 541 3415 sit
554 3376 643 3434 super
654 3375 778 3416 uxorem
792 3361 885 3425 tuam,
900 3359 931 3413 et
944 3372 1033 3431 super
1045 3360 1183 3431 parentes
1196 3360 1318 3430 vestroe,

113 3443 150 3496 ut
164 3436 293 3496 videatis
306 3438 384 3497 filios
396 3444 511 3497 vestros
524 3442 555 3494 et
574 3436 651 3494 tilios
668 3436 799 3495 tiliorum
812 3439 979 3493 vestrorum
996 3452 1090 3511 usquo
1107 3433 1141 3491 in
1153 3434 1275 3495 tertiam
1288 3444 1320 3496 et

112 3524 254 3595 quartam
273 3518 503 3595 generationem,
517 3522 549 3573 et
565 3515 607 3574 ait
625 3534 725 3576 semen
742 3522 874 3574 vestrum
890 3513 1080 3573 benedictum
1097 3533 1116 3572 a
1134 3514 1199 3573 Deo
1217 3514 1320 3589 Israel,

112 3598 169 3676 qui
182 3604 288 3677 regnat
300 3599 333 3657 in
346 3598 453 3657 secula
465 3594 650 3661 saeculorum.
690 3595 798 3654 Arnen.
