2768 4852
458 342 603 413 Ordines
616 340 796 429 Baptisrnc‘.

429 574 635 659 [Barnmcrro
655 574 824 659 Fossion]

81 734 282 868 (insipiens
295 794 327 849 et
338 734 517 868 sempiterne
530 735 617 849 Deui
626 792 736 864 adesto,
751 798 776 851 ct
790 734 881 852 detero
894 799 926 850 ut
938 735 1038 869 supin
1052 811 1079 868 p.
1099 792 1145 850 14.

87 860 143 931 Per
154 873 260 930 omnia
271 871 378 930 seems
390 872 573 930 sacculorum.
614 874 721 932 Amen

90 944 211 1011 Sursum
224 951 321 1010 cordo.

122 1032 284 1091 Habemus
297 1031 335 1091 ad
350 1032 532 1091 Dominum:

95 1106 208 1171 (iratius
220 1132 344 1191 agamus
356 1112 487 1172 Domino
501 1113 567 1171 Deo
580 1119 692 1187 nostro,

125 1192 262 1271 Dignum
276 1200 308 1252 ct
316 1194 435 1270 justum
447 1199 500 1253 est

92 1269 167 1332 Vere
186 1274 319 1351 dignum
361 1274 489 1332 AEterne
506 1274 597 1333 Deus.
641 1274 701 1344 Qui
720 1273 866 1333 invisibili
887 1274 1029 1350 potentia,
1045 1282 1070 1331 et
1092 1282 1182 1333 cetera
1196 1282 1230 1331 nt

57 1362 118 1429 φα
129 1354 247 1424 otker,
261 1374 352 1430 nsque
366 1355 407 1412 cd
419 1355 456 1413 de
470 1353 586 1433 Spiritu
600 1355 716 1414 Sancto.

90 1445 146 1506 Hic
158 1447 271 1506 <newis
283 1468 394 1524 aquam
406 1448 442 1506 ia
460 1448 582 1507 modum
595 1448 688 1507 cracem
697 1473 707 1508 .·

91 1524 146 1597 Qui
159 1528 238 1586 hanc
251 1547 358 1604 aquam
371 1548 462 1604 reaque
475 1530 516 1586 ad
529 1528 746 1605 indulgentiam
759 1534 984 1605 consequantur.
1030 1527 1063 1585 H
1062 1528 1088 1587 ic
1100 1529 1195 1605 ciprur.

89 1604 178 1667 Unde
190 1608 333 1666 benedico
346 1615 384 1680 te,
398 1615 533 1667 meatum
546 1628 630 1686 aquae
643 1628 734 1685 resque
744 1610 785 1666 ad
798 1615 829 1667 et
843 1608 973 1685 Spiritus
987 1608 1097 1668 Sancti.

90 1686 147 1747 Hic
159 1697 245 1746 muta
258 1708 375 1748 semum
387 1689 474 1764 qrcasi
487 1689 640 1749 lectionem.

89 1767 163 1828 Haec
182 1769 271 1827 nobis
293 1777 438 1847 praecepta
457 1790 549 1846 usquc
572 1770 614 1829 od
632 1771 782 1829 mentibus
802 1770 930 1828 efficaces
969 1790 987 1829 s
1042 1790 1061 1829 s
1119 1789 1137 1827 o
1192 1794 1211 1833 e

57 1845 207 1926 iepram
226 1870 319 1908 cereos
337 1859 364 1909 et
406 1866 425 1906 o
482 1868 502 1909 s
557 1869 577 1910 s
644 1850 813 1909 Descendat
833 1851 866 1907 in
886 1850 961 1908 hanc
980 1870 1070 1926 arsque
1084 1852 1125 1908 od
1137 1854 1231 1926 fircera

57 1926 229 2005 resectionis.

88 2021 147 2080 Hic
167 2023 270 2080 arictes
290 2022 416 2082 cliriema
428 2025 464 2080 in
483 2022 604 2081 neodem
623 2023 718 2082 crucia
730 2031 756 2082 et
770 2023 916 2082 commisce
937 2042 1004 2081 cara
1019 2023 1082 2097 ipsc
1103 2042 1191 2096 aqam,
1207 2033 1232 2080 ct

57 2109 181 2179 sicnoyct
195 2102 355 2178 Presbyter.
399 2102 479 2173 Quid
492 2105 626 2163 vomrisl

89 2190 192 2250 Orodis
206 2192 237 2249 ia
252 2191 351 2250 Deum
365 2192 486 2250 Patrem
500 2193 741 2269 omnipotentem,
758 2199 918 2250 creatorem
932 2189 996 2249 caeli
1011 2195 1041 2247 et
1054 2189 1164 2247 terracl

88 2271 172 2350 Reep.
217 2271 319 2331 Credo.

91 2364 194 2423 Orodis
208 2364 241 2422 in
260 2364 283 2423 J
284 2384 366 2423 esum
387 2364 540 2423 Christum
554 2365 666 2424 Filium
679 2367 744 2442 ejus
763 2367 885 2424 unicum
900 2363 1065 2420 Dominum
1086 2368 1232 2434 nostrum,

57 2443 254 2522 uioonceptus
267 2450 364 2503 estex
377 2446 492 2522 Spiritu
507 2445 624 2518 Sancto,
639 2455 728 2504 natus
741 2465 780 2504 cx
801 2445 899 2504 Maria
912 2444 1048 2519 Virgine,
1063 2461 1164 2518 passus
1178 2445 1233 2500 sub

57 2524 139 2585 ’cutio
166 2525 276 2598 Pilato,
298 2527 467 2598 crucifixus,
491 2534 627 2585 mortuus
651 2533 682 2584 et
703 2528 845 2603 sepultus,
870 2524 1022 2583 descendit
1042 2522 1079 2580 ad
1107 2522 1231 2592 inferna,

57 2606 119 2665 ntio
132 2606 181 2665 die
194 2607 358 2664 resurrexit
371 2627 389 2665 a
402 2607 537 2678 mortius,
552 2606 684 2664 ascendit
697 2606 735 2663 ad
753 2606 847 2679 caelos,
862 2605 944 2663 sedet
957 2604 994 2661 ad
1009 2603 1160 2660 dexteram
1176 2602 1233 2661 Dei

57 2686 129 2746 istria
142 2687 365 2763 omnipotentis,
379 2687 448 2745 inde
461 2693 605 2745 venturus
618 2694 664 2746 est
672 2687 806 2764 judicare
819 2687 903 2744 rivos
917 2692 947 2743 et
960 2685 1113 2742 mortuosl

91 2767 177 2844 Κεφ.
221 2766 323 2826 Credo.

90 2859 195 2918 Credis
222 2866 253 2917 et
279 2861 312 2917 in
339 2859 484 2936 Spiritum
512 2859 663 2931 Sanctum,
688 2865 821 2918 sanctam
852 2859 1012 2918 Ecclesiam
1041 2856 1233 2929 Catlrolicam,

57 2946 200 2999 motorum
214 2941 460 3015 commonionem,
474 2940 675 2999 remissionem
688 2948 873 3018 peecatorum
887 2946 918 2998 ct
931 2939 1024 2997 vitam
1039 2944 1179 2995 aetcrnam
1191 2938 1201 2995 l

92 3020 177 3097 Rerp.
222 3021 324 3079 Credo.

90 3114 207 3173 Deinde
220 3113 348 3190 baptizat
360 3112 501 3173 Sacerdos
515 3113 567 3172 ezri
589 3112 670 3171 triac
682 3112 830 3187 censione,
846 3121 962 3172 tentum
982 3111 1122 3171 Scrutaris
1137 3111 1235 3170 Trini-

57 3203 118 3253 rtcm
132 3195 218 3252 scnccl
229 3194 386 3254 invocans:

94 3275 158 3353 Ego
179 3275 296 3352 baptizo
309 3281 339 3333 tc
352 3276 384 3332 in
404 3274 525 3333 nomine
545 3275 653 3348 Patris,
668 3284 694 3334 et
714 3286 824 3354 ncerpat
838 3299 847 3336 :
867 3284 899 3335 et
913 3275 993 3349 Filii,
1006 3286 1032 3335 ct
1053 3284 1163 3351 inemec
1175 3299 1184 3334 .·
1205 3280 1235 3333 et

57 3355 163 3433 piritus
177 3355 289 3428 Sancti,
305 3365 331 3414 et
345 3365 455 3431 rracrqct
470 3356 559 3415 terlio.

99 3446 138 3506 Ut
151 3457 251 3506 catera
270 3449 426 3508 accrescerit
440 3469 460 3506 a
470 3446 567 3523 sonte,
576 3447 677 3523 saciat
696 3449 845 3527 Presbyter
864 3449 983 3526 aipawn
996 3450 1090 3508 marcia
1103 3450 1138 3507 dc
1149 3448 1236 3507 cirris·

57 3537 107 3587 an
121 3549 188 3587 cum
196 3528 301 3604 podice
310 3529 345 3587 in
354 3529 455 3588 vertice
467 3528 538 3605 ejus,
553 3538 579 3587 et
592 3529 670 3588 dieat
686 3530 853 3590 Orationem
865 3531 960 3589 donc:

92 3610 177 3668 Deus
191 3609 385 3686 omnipotens,
401 3609 492 3668 Pater
506 3609 629 3667 Domini
642 3612 746 3683 nostri,
762 3622 789 3670 ct
799 3619 890 3669 celero
900 3619 935 3667 ut
948 3628 1047 3684 cupro,
1063 3626 1090 3681 p.
1110 3606 1156 3665 17.

91 3690 135 3748 Et
148 3690 270 3748 vestitur
282 3689 389 3766 insana
401 3691 446 3748 ita
459 3690 580 3749 dicendo
590 3714 600 3750 :
620 3691 732 3768 Accipe
746 3697 860 3749 vestem
873 3688 1036 3759 candidam,
1052 3694 1078 3742 et
1092 3694 1190 3742 celcra.

95 3782 222 3854 Quando
236 3783 328 3840 datur
340 3781 462 3842 carcdela
474 3807 483 3843 :

93 3864 207 3940 Accipe
222 3863 386 3940 lampadem
401 3884 490 3942 quem
504 3870 535 3923 et
555 3861 840 3940 irreprehensibilem
860 3857 1016 3930 custodias,
1031 3860 1068 3913 ut
1087 3874 1155 3913 cum
1168 3873 1238 3912 vcn-

57 3946 91 4004 ·it
101 3944 251 4002 Dominus
265 3945 303 4002 ad
312 3945 433 4022 nuptias
443 3945 536 4023 possis
549 3963 700 4003 occurrere
714 3943 750 4014 ei,
763 3961 830 3998 cnm
841 3938 950 3998 sanctis
962 3939 996 3995 in
1009 3935 1078 3994 aula
1088 3934 1194 3992 caelesti
1206 3935 1238 3992 in

56 4027 127 4084 itam
144 4031 294 4083 aeternam.
336 4025 395 4085 Per
408 4025 508 4084 omnia
521 4025 627 4083 saeeule
641 4024 822 4084 saeculorum.
865 4021 973 4078 Amen.

93 4123 137 4181 Et
160 4122 187 4180 si
210 4121 374 4199 Episcopus
394 4122 486 4195 odeat,
500 4121 601 4181 statim
625 4116 794 4196 confirmari
817 4135 883 4175 cum
903 4120 1019 4191 oportet,
1041 4120 1067 4170 ct
1088 4109 1241 4170 elementale

109 4227 126 4262 s
185 4227 201 4260 s
259 4226 275 4260 a
313 4203 540 4263 communicatur
554 4201 680 4280 Corpore
693 4206 719 4257 ct
734 4196 877 4272 sanquine
896 4192 1022 4255 Domini
1034 4212 1054 4252 a
1073 4191 1241 4269 Presbytero

58 4309 78 4346 α
92 4284 219 4441 ‘diliis'
233 4364 351 4444 angen
371 4362 496 4423 nomini
517 4361 614 4421 aare
637 4359 712 4418 Jau
735 4352 848 4416 orme
869 4354 1016 4417 euenum
1037 4359 1068 4413 e
1090 4353 1125 4412 in
1146 4350 1241 4412 viam

57 4454 189 4507 ternam.
