2768 4852
168 315 230 376 112
506 310 555 375 In
578 309 700 376 Sancto
722 309 864 377 Sabeon
885 310 1031 378 Pacete.

226 496 316 568 Deus,
330 494 384 572 qui
403 493 517 552 Filium
533 501 629 565 tuum,
644 492 817 572 angularem
829 493 942 552 scilieet
954 494 1093 572 lapidem,
1108 495 1249 553 caritatis
1268 496 1366 573 ignem,

164 592 302 651 fidelibus
328 591 501 664 contulisti3
535 590 715 668 productum
742 595 774 648 et
799 589 892 662 silice,
911 591 1023 649 nostris
1046 591 1241 668 profuturnm
1266 592 1367 664 usibus,

166 709 277 748 novum
298 690 399 765 ignem
419 687 578 757 sanctifica,
591 693 624 744 et
636 686 763 745 concode
776 687 863 745 nobis
883 706 936 764 per
956 687 1109 747 haeefesto
1121 688 1274 765 paschalia
1283 688 1367 746 celes·

166 788 248 846 tibus
275 786 430 845 desideriis
456 784 645 854 inflammari,
673 791 710 842 ut
735 785 774 843 ed
800 791 943 864 perpetrm
969 785 1046 845 fests
1065 787 1204 864 purgetis
1227 786 1366 846 montibus

167 885 336 962 pertingere
346 882 504 942 valeamus
548 882 608 940 Per
621 882 756 941 eundem.

229 981 303 1039 Atia
318 979 428 1039 Oratio.
472 978 605 1038 Oremus

229 1079 368 1151 Domine,
383 1084 483 1136 sancte
494 1077 593 1150 Pater,
609 1078 796 1155 omnipotens
809 1084 919 1137 aeterne
933 1079 1024 1150 Deus,
1038 1079 1216 1138 benedicere
1228 1087 1260 1138 et
1271 1076 1363 1136 emoti·

170 1179 256 1236 ficere
269 1176 399 1254 digneris
412 1175 512 1253 ignem
525 1176 627 1245 istum,
637 1195 726 1252 quem
739 1195 794 1234 nes
804 1176 920 1254 indigni
933 1196 987 1252 per
995 1177 1219 1235 invocationem
1229 1174 1362 1253 unigeniti

171 1276 241 1333 Filii
268 1276 323 1346 tui,
352 1274 478 1331 Domini
498 1275 604 1346 nostri,
628 1275 704 1333 Jesu
727 1274 849 1346 Christi,
874 1274 1046 1333 benedicere
1069 1275 1296 1352 praesumimus;
1314 1272 1359 1343 Tu.

169 1369 397 1429 clementissime
419 1370 512 1442 Dens,
536 1389 604 1427 eum
627 1375 681 1428 tua
701 1369 906 1428 benedictione
924 1370 1084 1443 sanctifica,
1101 1376 1133 1429 et
1152 1371 1192 1429 nd
1211 1369 1359 1448 proiectum

171 1466 295 1525 humani
307 1466 423 1543 generis
436 1466 593 1542 provenire
606 1466 741 1525 concede.
783 1466 843 1524 Per
855 1467 989 1525 eundem.

232 1563 399 1621 Benedictio
413 1561 538 1622 lonensi.
583 1563 716 1621 Oremus

233 1660 355 1732 Veniat,
367 1660 554 1737 omnipotens
564 1660 656 1733 Deus,
670 1680 760 1737 super
769 1660 824 1719 hoc
832 1661 986 1719 incensum
993 1660 1077 1738 large
1086 1668 1148 1719 tuse
1162 1657 1357 1719 benedictionia

174 1757 292 1832 infusio,
306 1756 454 1833 hujusque
474 1756 679 1832 thymiamatis
699 1763 875 1831 amatunam,
889 1756 1051 1815 invisibilis
1071 1764 1220 1834 regnator,
1235 1753 1357 1825 interdu

172 1863 281 1914 utnon
295 1855 389 1913 selum
404 1853 589 1926 sacrificium,
606 1854 686 1930 qued
698 1854 753 1914 hec
769 1861 857 1914 necte
870 1855 991 1913 litatum
1004 1860 1058 1925 est,
1073 1873 1183 1913 ereans
1194 1853 1312 1912 luminis
1321 1847 1357 1908 ui

173 1955 357 2012 admixtione
370 1953 523 2030 refrdgest
538 1953 589 2010 sed
602 1953 635 2010 in
650 1971 826 2030 quocunqne
845 1953 910 2010 loco
929 1951 1044 2028 aliquid
1056 1971 1096 2010 ex
1109 1952 1201 2028 hujus
1214 1949 1356 2010 sanctifice·

172 2051 264 2109 tionis
290 2050 381 2108 fuerit
408 2050 550 2126 mysterio
585 2049 783 2126 deportatum,
811 2049 932 2126 explosa
965 2049 1047 2106 omni
1076 2049 1231 2108 diabolicae
1263 2044 1355 2106 imnd'n

175 2147 318 2223 nequitis,
335 2147 432 2204 virtus
445 2154 505 2203 tuae
519 2147 683 2223 majestatis
695 2146 821 2205 assistat
865 2146 925 2204 Per
937 2146 1111 2204 Dominum.

232 2244 348 2303 Deinde
375 2252 547 2319 aelreryutnr
580 2244 660 2319 ienis
686 2265 706 2302 a
732 2244 860 2303 Proelote
895 2264 975 2320 aqna
1006 2243 1174 2314 berredietu;
1207 2253 1235 2303 et
1259 2240 1355 2319 septb

174 2341 322 2401 thuribulo
339 2341 374 2398 de
388 2339 454 2415 iyne
468 2339 611 2398 benedicto
626 2348 651 2397 et
665 2339 780 2399 inoereeo
794 2340 937 2399 benedicto
955 2362 975 2398 a
988 2341 1126 2415 Praelato,
1137 2350 1240 2418 postea
1252 2334 1355 2399 nocer&

174 2440 267 2511 cereis,
279 2437 408 2496 videlicet
423 2447 483 2495 tent
496 2436 582 2495 cereis
592 2457 612 2495 a
623 2436 804 2510 ceroferariis
813 2437 979 2513 deportatis,
993 2458 1170 2513 quanicereo
1179 2438 1268 2498 traete
1278 2434 1353 2512 affin.

175 2538 210 2595 de
224 2537 290 2612 ione
308 2534 459 2607 bersedieto,
475 2533 573 2592 redeat
587 2534 621 2592 in
635 2533 756 2592 chonans
766 2535 908 2610 processio
921 2554 956 2593 ea·
963 2543 1051 2610 perte
1061 2535 1178 2608 inosti,
1189 2544 1216 2594 et
1228 2532 1355 2592 Proelotse

174 2654 241 2690 cum
268 2632 413 2690 nrinietris
440 2641 465 2688 et
485 2630 646 2705 nrojeridne
666 2630 785 2689 eceleeiae
802 2632 1006 2707 processionem
1025 2641 1174 2708 aequetur,
1196 2626 1354 2708 ceroferariis

174 2730 341 2788 sarientibus
354 2730 497 2804 hyrrrnnrn
511 2735 670 2802 sequentem
682 2751 691 2785 :

418 2826 563 2881 Inventor
578 2824 663 2880 rutili
678 2824 740 2881 dux
755 2825 830 2881 bone
844 2824 973 2896 luminis,

418 2921 477 2990 Qui
491 2920 580 2978 certis
594 2921 710 2977 vicibus
724 2927 857 2997 tempore
870 2922 997 2993 dividis3

417 3019 517 3075 Merso
532 3017 591 3075 sele
606 3018 692 3075 chaos
707 3019 820 3095 ingmit
834 3020 995 3091 horridum,

418 3115 533 3172 Lumen
548 3114 637 3171 redde
651 3116 720 3186 tuis,
736 3116 862 3187 Christe,
877 3114 1020 3173 fidelibus.

239 3212 353 3272 Chorus
366 3214 535 3288 respondent
548 3212 751 3287 Antiphonem
765 3234 774 3268 :
796 3214 948 3270 Inventor.

351 3311 379 3368 V.
420 3309 563 3379 erarnris
576 3310 734 3368 innumere
752 3310 847 3368 sidere
861 3312 971 3387 regiam

419 3406 590 3481 Lunsrique
604 3404 706 3481 polum
720 3406 854 3482 lampade
867 3408 1009 3482 pinxeris,

417 3502 544 3560 Incussu
558 3502 649 3560 silicis
664 3500 777 3559 lumine
790 3522 843 3559 nos
858 3509 957 3560 temen

418 3599 568 3654 Monstras
583 3598 723 3674 saxigeno
738 3599 850 3656 lumine
863 3621 1003 3675 quaerere.

641 3694 762 3754 Chorus.
800 3698 951 3754 Inventor.

351 3791 379 3846 V.
418 3790 463 3846 Tu
479 3789 532 3845 lux
547 3809 617 3847 vera
631 3793 732 3866 oculis,
748 3793 793 3850 Tu
808 3814 925 3870 quoquc
938 3795 1089 3869 sensibus;

418 3889 507 3944 Intus
521 3887 567 3943 Tu
582 3888 743 3962 speculum,
759 3890 805 3947 Tu
819 3890 970 3967 speculum
983 3892 1074 3965 feris;

420 3986 545 4057 Lumen,
561 3985 640 4061 quod
657 3984 804 4042 famulans
818 3987 916 4058 offero,
932 3987 1047 4064 suscipe

419 4082 559 4142 Tinctum
574 4082 686 4159 pacifici
700 4082 866 4140 chrismatis
880 4084 1020 4160 unguine.

642 4179 761 4239 Chorus.
798 4180 952 4238 Inventor.

353 4272 382 4331 V.
421 4275 480 4333 Per
494 4277 648 4335 Christum
662 4276 806 4352 genitum,
822 4295 936 4332 summe
950 4275 1049 4349 Pater,
1063 4284 1159 4350 tunm,

421 4371 458 4427 In
472 4393 530 4446 quo
544 4373 669 4431 visibilis
682 4378 742 4429 stat
756 4372 825 4429 Tibi
837 4372 946 4450 gloria:
