2768 4852
431 287 607 374 Eaessqaioe
626 287 882 374 Defunctovum.
1215 295 1258 357 83

110 466 277 544 semer
302 466 539 544 Responscriam,
564 469 674 528 Libera
700 490 757 543 me,
779 472 900 547 querulo
915 472 957 547 fit
979 491 1046 531 cum
1068 492 1170 531 uocem
1193 472 1260 531 Lec-

53 558 236 715 tit'inbhridivi
247 674 350 715 vocem
363 657 400 715 de
413 656 484 715 caelo
498 655 645 715 dicentem
656 678 663 715 :

53 752 90 809 R.
112 751 203 810 Beati
216 753 329 810 mortui
342 752 395 830 qui
407 753 441 810 in
454 753 585 811 Domino
599 752 776 812 moriuntur.

545 971 584 1028 Iu
606 971 774 1030 Laumsus.

116 1050 298 1126 Antiphone

730 1442 1185 1503 E-V-O-V-A-E.

116 1522 329 1600 Pmtmuea.)

117 1615 262 1673 Miserere
274 1613 341 1687 mei,
358 1614 449 1687 Deus,
463 1614 625 1672 secundum
639 1633 776 1691 magnam
791 1615 1020 1673 misericordiam
1035 1623 1126 1674 tuem.

117 1712 162 1770 Et
175 1712 337 1771 secundum
357 1711 582 1769 multitudinem
598 1712 821 1769 miserationum
834 1720 972 1771 tuarum:
993 1714 1057 1772 dele
1070 1715 1261 1791 iniquitatem

49 1823 163 1863 meam.

116 1898 258 1976 Arnplius
271 1898 339 1957 lava
352 1918 399 1956 me
412 1898 450 1955 ab
463 1898 623 1974 iniquitate
637 1918 720 1956 mea:
741 1905 772 1956 et
785 1918 803 1956 a
815 1905 935 1977 peccato
949 1901 1060 1958 mimda
1072 1921 1128 1959 me.

116 1996 268 2067 Quoniam
281 1995 472 2072 iniquitatem
485 2015 582 2053 meam
591 2014 644 2072 ego
655 2013 814 2070 cognosco:
834 2002 865 2053 et
878 2003 1031 2072 peccatum
1045 2018 1144 2054 meum
1158 2003 1261 2056 contra

48 2114 102 2153 me
116 2099 165 2152 est
178 2111 300 2169 semper.

115 2188 189 2247 Tibi
200 2187 255 2246 soli
269 2187 396 2264 peccari,
410 2192 441 2245 et
454 2186 567 2244 malum
587 2205 685 2245 coram
698 2192 730 2244 te
743 2186 816 2244 feci:
838 2194 873 2244 ut
889 2188 1061 2263 justificeris
1074 2191 1107 2246 in
1121 2190 1261 2247 sermoni·

47 2288 111 2347 bus
123 2286 199 2359 tuis,
214 2290 245 2343 et
257 2285 369 2357 vincas,
384 2303 452 2342 cum
461 2283 613 2360 judicaris.

116 2383 197 2442 Ecce
220 2381 299 2440 enim
322 2382 356 2438 in
377 2381 587 2457 iniquitatibus
605 2387 762 2457 conceptus
780 2401 864 2439 sum:
886 2381 962 2438 etin
981 2382 1107 2457 pcccatis
1127 2385 1261 2460 concepit

47 2502 102 2542 me
116 2486 217 2539 mater
229 2497 302 2536 mea.

116 2577 196 2635 Ecce
222 2576 301 2634 enim
325 2574 483 2633 veritatem
511 2574 662 2634 dilexisti:
691 2576 804 2635 incerta
825 2584 856 2635 et
880 2575 995 2634 occulta
1022 2576 1175 2651 sapientiae
1200 2582 1259 2636 tuae

45 2672 255 2735 manifestasti
268 2671 350 2728 mihi.

113 2770 268 2845 Aspergeo
286 2787 334 2825 me
351 2768 486 2844 hyssopo,
511 2774 542 2825 et
561 2768 743 2826 mundabor:
772 2769 885 2826 lavabis
913 2788 968 2842 me,
992 2774 1024 2826 et
1045 2788 1133 2844 super
1159 2770 1258 2827 nivem

44 2864 223 2927 dealbabor.

113 2958 250 3019 Auditui
259 2978 325 3016 meo
333 2958 416 3017 dabis
424 2958 566 3036 gaudium
576 2965 607 3016 et
617 2959 772 3018 laetitiam:
787 2966 817 3017 et
827 2960 1007 3018 exultabunt
1017 2981 1081 3018 ossa
1091 2961 1256 3021 humiliata.

113 3058 236 3115 Averte
248 3056 352 3114 faciem
366 3061 450 3113 tuam
460 3076 478 3113 a
491 3056 618 3132 peccatis
632 3058 722 3114 meis:
744 3063 775 3114 et
788 3077 888 3114 omnes
902 3057 1077 3134 iniquitates
1090 3080 1171 3118 meas
1184 3061 1256 3119 dele.

115 3155 180 3215 cor
196 3155 341 3211 mundum
360 3173 427 3213 crea
445 3154 479 3211 in
498 3172 555 3223 me,
574 3154 673 3212 Deus:
694 3161 725 3212 et
739 3155 877 3230 spiritum
898 3162 1012 3214 rectum
1032 3157 1143 3215 innova
1156 3158 1189 3215 in
1203 3160 1259 3215 vis—

41 3254 175 3317 ceribus
188 3252 269 3310 meis.

113 3348 169 3407 Ne
182 3346 384 3425 pmjiciss'me
396 3366 415 3405 a
428 3347 502 3406 facie
515 3353 585 3405 tua:
608 3353 639 3406 et
659 3348 798 3425 spiritum
820 3355 954 3407 sanctum
976 3357 1063 3408 tuum
1084 3371 1122 3410 ne
1143 3352 1259 3410 auferas

41 3464 65 3503 ι
79 3460 144 3502 ms.

113 3535 224 3597 Redde
236 3535 312 3593 mihi
324 3535 461 3593 laetitiam
474 3536 612 3596 salutaris
625 3536 690 3593 tui:
712 3542 742 3593 et
756 3535 864 3612 spiritu
877 3537 1034 3614 principali
1047 3540 1187 3597 confirma
1200 3560 1255 3599 mc.

112 3632 239 3693 Docebo
251 3632 369 3708 iniquos
381 3632 446 3690 vias
460 3638 547 3705 tuas;
566 3640 597 3690 ct
609 3631 694 3708 impii
707 3631 745 3688 ad
758 3637 790 3689 te
803 3638 1020 3692 convertentur.

113 3730 228 3789 Libera
248 3748 296 3787 me
318 3728 355 3787 de
378 3729 581 3805 sanguinibus,
601 3729 685 3786 Deus
709 3728 791 3786 Deus
812 3729 917 3805 salutis
939 3749 1029 3788 meae:
1057 3738 1088 3789 ct
1109 3731 1258 3789 exultabit

10 3886 15 3897 ¹
37 3826 160 3908 lingna
173 3844 240 3883 mea
248 3823 400 3901 justitiam
414 3830 506 3883 tuam.

10 3922 19 3973 t
111 3920 257 3992 Domine,
271 3918 350 3977 labia
363 3938 430 3977 mea
442 3919 564 3995 aperies,
578 3925 608 3976 et
622 3937 654 3976 cs
667 3938 767 3977 meum
779 3919 972 3979 annuntiabit
985 3918 1102 3975 laudem
1116 3922 1206 3974 tuem.

112 4018 268 4092 Quoniam
287 4017 314 4075 si
333 4016 475 4075 voluisses
495 4016 678 4089 sacrificium,
693 4016 837 4074 dedissem
858 4014 978 4090 utique:
1000 4012 1179 4071 holocaustis
1197 4032 1258 4070 non

169 4114 257 4175 beris.

37 4121 302 4291 ωοέῗοήῇοἰυω
314 4212 381 4271 Deo
393 4211 515 4289 spiritus
528 4211 744 4271 contribulatio
755 4231 762 4271 ε
785 4229 835 4268 cor
845 4209 1006 4270 contritum
1018 4215 1048 4266 et
1058 4206 1260 4280 humiliatum,

34 4316 144 4389 Deus,
159 4328 225 4370 non
238 4308 388 4387 despicies
