2768 4852
474 350 650 439 Exsequias
668 351 896 419 Mortuorum.
1250 360 1291 424 65

116 524 211 603 migrare
217 533 340 609 jussisti,
354 534 389 593 iu
402 532 531 611 pacisce
544 535 620 593 lucis
630 535 749 613 regione
763 535 927 594 constituas
940 540 973 594 ct
989 543 1158 595 sanctorum
1169 544 1291 599 tuorum

108 622 186 697 lubeas
196 650 254 691 esse
266 638 441 691 consortem.
485 631 546 691 Per
559 633 723 692 Dominum
737 638 873 691 nostrum
887 633 909 691 J
911 653 994 692 esum
1008 634 1171 695 Christum.

150 724 200 787 Pro
208 727 342 803 scurrula.
387 728 498 788 Orat-io.

145 822 319 896 Qussnmua
335 824 475 898 Domine,
490 844 545 903 pro
559 832 612 883 tus
625 824 739 902 pietate
757 826 898 884 miserere
915 826 1024 885 animae
1040 828 1159 887 famulae
1173 835 1241 906 tna,
1258 838 1290 891 et

101 921 251 999 senagis
267 920 463 979 mortalitatis
479 926 603 979 exutam
621 921 654 979 in
675 928 795 980 aeterna
818 922 996 981 salvationis
1014 932 1130 1001 partem
1153 929 1287 990 restitue.

97 1010 138 1072 Por
148 1017 312 1077 Dominum
326 1024 464 1077 nostrum
477 1018 499 1076 J
500 1038 585 1077 esum
599 1018 764 1077 Christum.

134 1112 192 1173 Pro
205 1114 447 1191 benefitctoridus.
491 1114 604 1175 Oratio.

133 1210 285 1285 liberere,
317 1232 496 1289 quaesumus,
532 1213 672 1284 Domine,
705 1212 863 1272 animabus
897 1215 1032 1273 omnium
1065 1216 1288 1279 benefactorum

80 1316 239 1369 nostrorum
252 1308 473 1381 defunctorum,
488 1316 521 1369 et
538 1310 575 1369 ds
592 1309 744 1369 beneficiis
757 1330 824 1389 qna
838 1310 926 1371 nobis
938 1311 1042 1390 largiti
1059 1320 1131 1372 sunt
1147 1316 1181 1373 in
1199 1317 1288 1377 terris

75 1409 190 1483 promis
203 1414 319 1467 aeterna
332 1414 555 1485 consequantur
568 1408 601 1467 in
615 1408 702 1467 caelis.

127 1504 233 1563 Oratio
246 1504 395 1580 ymeralab
403 1525 461 1581 pro
475 1506 609 1566 mortuis.

123 1602 277 1661 Fidelium
292 1601 377 1660 Deus
391 1602 525 1661 omnium
539 1602 676 1661 conditor
690 1609 722 1661 et
735 1603 914 1681 redemptor,
930 1604 1089 1664 animabus
1101 1606 1284 1667 famulorum

71 1696 308 1777 tmulsmmquc
331 1704 453 1756 tuarum
476 1698 680 1757 remissionem
700 1704 876 1757 ctmctorum
905 1699 1006 1759 tribuo
1032 1708 1228 1780 peccatorum,
1248 1710 1285 1763 ut

71 1794 285 1875 ndulgentiam
296 1815 386 1874 quam
396 1814 512 1872 semper
521 1800 702 1872 optaverunt
710 1795 769 1873 piis
778 1796 1045 1874 supplicationibus
1055 1806 1282 1876 consequantur.

71 1892 122 1965 lui
136 1893 219 1953 rivis
232 1900 265 1953 et
277 1912 385 1971 regnas
398 1912 467 1951 cnm
481 1892 553 1951 Deo.

454 2461 525 2519 AD
568 2460 896 2522 MATUTINAS.

482 2605 536 2688 [Is
551 2606 653 2668 Panto
667 2604 863 2687 Nocruaro]

121 2738 306 2816 antiphona.
411 2698 417 2707 ’

143 3002 377 3083 ”iuri-s·
710 2953 1275 3105 {Q

121 3130 341 3212 Palmum.)
796 3129 1200 3192 E·V-0·V-.A·ll.

120 3224 224 3285 Verba
236 3245 304 3284 mea
316 3226 439 3285 auribus
451 3226 579 3303 percipo,
596 3224 734 3296 Domino,
749 3220 884 3299 intellige
894 3220 1053 3281 clamorem
1066 3242 1175 3282 meum.

118 3322 252 3381 Intende
263 3322 331 3381 voci
344 3321 488 3380 orationis
501 3340 584 3394 merc,
600 3322 668 3380 Rex
683 3338 777 3392 meus,
791 3323 823 3377 ct
835 3319 920 3378 Deus
932 3339 1025 3379 meus

119 3418 270 3489 Quoniam
283 3418 322 3477 sd
335 3424 367 3477 te
379 3420 488 3478 orabo:
517 3417 655 3491 Domine,
670 3436 757 3476 mans
771 3416 911 3475 exaudies
925 3436 1026 3476 vocem
1040 3436 1145 3476 meam.

119 3512 214 3573 Mane
224 3514 329 3573 astabo
349 3514 416 3588 tibi,
431 3514 602 3573 stridebo:
623 3514 764 3590 quoniam
778 3532 839 3571 non
860 3513 943 3572 Dens
956 3514 1060 3574 volens
1077 3515 1269 3592 iniquitatem

71 3626 96 3669 u
107 3628 147 3669 cs.

116 3706 225 3785 Neque
238 3706 388 3765 habitabit
398 3708 492 3784 juxta
505 3712 536 3765 te
550 3706 715 3785 malignus:
735 3726 832 3784 noque
846 3708 1063 3784 permanebunt
1077 3710 1184 3786 injusti
1196 3716 1268 3768 suto

71 3802 157 3863 aulos
168 3810 249 3862 tuos.

114 3898 217 3961 Odisti
229 3918 342 3974 omnes,
356 3899 409 3977 qui
426 3906 588 3977 operantur
600 3899 791 3978 iniquitatem
805 3920 812 3957 ε
833 3898 937 3977 perdes
950 3918 1060 3969 omnes,
1075 3898 1129 3973 qni
1142 3898 1265 3973 loquun-

71 4016 106 4057 111·
116 3994 317 4057 mendacium.

111 4094 227 4155 Virum
239 4092 419 4171 mngtdnum
432 4099 464 4153 et
477 4095 612 4154 dolosum
624 4094 847 4155 abominabitur
859 4090 1008 4149 Dominus
1021 4109 1028 4145 ε
1048 4107 1102 4166 ego
1115 4094 1217 4147 nutem
1230 4089 1264 4151 in

71 4190 250 4253 mltitudino
262 4189 471 4249 misericordia
483 4198 553 4249 ture.

108 4286 253 4349 Introibo
273 4286 307 4343 in
325 4284 447 4345 domum
468 4292 572 4345 tnaun
591 4286 719 4345 adorabo
738 4285 776 4345 ad
796 4283 942 4361 templum
962 4288 1099 4341 sunctum
1120 4290 1206 4342 tunm
1228 4286 1261 4344 in

71 4404 156 4449 mors
168 4390 235 4445 tuo.

644 4494 664 4534 s
