2760 4860
417 337 668 406 Benedictionee
691 338 873 407 Generalis.
1185 345 1247 406 105

81 541 99 581 e
125 522 300 582 damonum
326 528 360 581 et
384 522 532 600 superssti
563 522 698 600 passione
726 529 781 582 tus
806 528 1008 600 suggestorem
1039 522 1163 600 peccati,
1190 523 1243 599 qui

81 620 188 680 rdebst
199 621 235 679 in
247 621 483 699 prevaricsfione
501 621 592 698 primi
611 621 741 680 hominis
754 642 807 699 per
819 621 948 679 vetitum
965 619 1089 697 lignum.
1132 619 1246 678 Sancti-

81 719 259 792 nDomine,
271 719 356 778 istud
375 718 560 796 signaculum
580 720 723 796 passionis
745 726 816 791 tuse,
829 725 865 778 ut
878 719 919 777 sit
932 717 1062 776 inimicis
1075 717 1136 775 tuis
1149 718 1243 776 obstu-

81 815 141 875 lum
163 824 197 876 et
219 816 410 877 erodentibus
432 816 466 874 iu
486 822 517 874 te
536 822 713 894 perpetuum
733 816 804 876 vites
825 817 970 876 efficiatur
989 813 1143 873 vexillum.
1185 813 1246 873 Per

81 915 217 974 ominum.
511 968 514 973 ,

106 1008 178 1092 [Hie
190 1013 245 1071 dot
252 1013 409 1088 peregerim
422 1031 543 1070 mecm.

108 1108 218 1186 Accipe
243 1108 430 1186 signaculum
456 1115 565 1167 sunctae
593 1110 687 1167 crucis
713 1109 747 1166 in
774 1129 834 1186 qus
860 1110 938 1170 selus
966 1111 1071 1170 mundi
1097 1111 1246 1190 pependit,

81 1201 163 1263 dnus
173 1206 319 1284 sanguine
331 1206 486 1265 mundum.

114 1301 189 1362 Dum
195 1304 325 1380 ponitur
337 1322 424 1380 crepet
433 1302 632 1362 vestimentum
645 1323 727 1378 crue,
741 1305 988 1365 dicenter-MS.
1005 1304 1115 1386 Yorlr.]

115 1398 249 1460 Palmae.
293 1401 353 1471 Qui
366 1401 491 1459 habitet

119 1495 251 1557 Prslmus
295 1500 408 1558 Ievnvi
422 1502 528 1560 oeulos„

121 1592 251 1655 Psulmroe.
295 1596 518 1675 Deprofundis.

122 1687 203 1767 Kyrie
216 1693 344 1770 eleyson.
387 1695 506 1755 Christe
519 1696 646 1774 eleyson
690 1697 788 1775 Kyrie
802 1698 927 1775 eleyson.

125 1784 199 1848 Peter
210 1799 319 1850 noster,
361 1791 404 1850 Et
416 1812 454 1851 ne
467 1812 529 1851 nos.

127 1880 174 1960 ligo
184 1888 256 1961 dixi,
272 1889 410 1960 Domine,
425 1890 563 1949 miserere
577 1893 642 1950 mei.

81 1990 83 1997 '
128 1975 228 2043 turum
241 1987 289 2045 fac
302 2007 421 2045 servum
434 1994 529 2047 tuum.

81 2086 83 2093 '
129 2073 295 2155 Convertere,
309 2085 448 2159 Domine,
464 2106 557 2163 usque
570 2107 637 2164 quo.

129 2168 183 2236 lito
194 2182 228 2252 ei,
244 2182 384 2255 Domine,
398 2184 491 2241 turris
503 2184 690 2242 fortitudinis
704 2207 710 2242 :

158 2277 265 2338 Asecie
277 2280 401 2338 inimici.

131 2363 242 2451 Domine,
257 2378 368 2435 exnudi
381 2378 545 2436 orationem
558 2397 654 2436 meam
666 2400 672 2437 :

158 2467 190 2529 Et
201 2474 311 2533 clamor
324 2494 408 2532 meus
420 2474 459 2532 ad
472 2479 504 2532 te
516 2475 627 2534 veniet.

131 2556 253 2630 Dominus
266 2573 428 2630 vobiscum.
472 2573 606 2631 Oremus.
651 2573 760 2633 Oratio.

131 2657 227 2742 Adero,
256 2670 395 2743 Domine,
421 2672 686 2748 supplicationibus
709 2673 827 2745 nostris,
850 2678 881 2730 ct
907 2673 988 2728 viam
1014 2669 1120 2728 famuli
1143 2668 1190 2726 tui
1213 2671 1246 2727 in

91 2742 161 2814 llum
180 2771 235 2824 ture
262 2769 458 2845 prosperitate
486 2769 617 2846 dispone,
639 2777 675 2826 ut
698 2769 779 2826 inter
802 2788 903 2826 omnes
926 2768 1016 2846 hujus
1040 2768 1096 2824 vise
1120 2773 1151 2824 et
1174 2767 1245 2825 vitre

81 2846 204 2920 ²¹¹th
216 2870 269 2922 tuo
283 2885 398 2942 semper
411 2873 583 2943 protegetur
596 2866 717 2924 auxilio.
762 2866 821 2924 Per
834 2867 987 2924 Christum
1001 2866 1173 2923 Dominum.

133 2948 219 3020 Oratio.
319 3005 322 3010 -

131 3045 199 3129 Deis,
212 3061 264 3136 qui
278 3060 472 3137 diligentibus
485 3067 516 3119 te
530 3062 761 3120 misericordiam
780 3068 862 3121 tunm
879 3083 995 3140 semper
1012 3062 1168 3139 impendis,
1184 3067 1214 3119 et
1228 3083 1246 3119 a

81 3141 239 3238 &visilibus
260 3158 319 3216 tibi
332 3159 365 3216 iu
379 3159 463 3217 nulls
476 3179 506 3217 es
521 3161 639 3236 regione
659 3159 857 3236 longinquus;
880 3160 974 3237 dirige
987 3161 1067 3217 viam
1081 3160 1186 3216 famuli
1199 3161 1246 3218 tui

85 3238 246 3314 mloluntste
258 3263 321 3329 tus,
333 3264 369 3314 ut
386 3265 416 3315 to
429 3264 595 3335 protectore
609 3265 639 3314 ct
654 3265 684 3314 te
697 3258 833 3333 praeduce
847 3278 899 3334 pcr
908 3259 1035 3334 justitie
1050 3260 1169 3316 semitas
1182 3260 1247 3316 sine

81 3328 206 3410 'numne
217 3355 381 3431 grndistur.
425 3355 484 3414 Per
497 3355 661 3413 Dominum
675 3361 819 3412 nostrum.
886 3399 893 3413 .

130 3435 173 3501 Hie
183 3450 279 3508 tradet
292 3452 320 3509 ei
332 3453 534 3512 vestimentum
548 3474 615 3512 curn
629 3473 719 3526 cruce,
735 3453 832 3510 dicem
842 3477 851 3511 :

130 3534 218 3621 Ateipe
231 3549 445 3608 vestimentum
459 3571 554 3609 cruce
565 3550 690 3608 Domini
710 3549 866 3606 salvatoris
886 3549 1045 3627 signatum,
1060 3556 1095 3606 ut
1108 3570 1161 3626 per
1174 3550 1250 3607 illud

90 3620 178 3697 {lura
195 3643 360 3705 benedictio
381 3652 413 3704 et
426 3647 524 3704 virtus
536 3666 674 3724 prospere
694 3646 906 3723 proficiscendi,
921 3648 957 3704 nd
975 3648 1142 3725 sepulcrum
1156 3648 1248 3724 ipsius

91 3713 281 3802 fflnninmr.
326 3744 469 3814 Quicum
483 3745 583 3803 Patre.

133 3819 231 3903 [Orate.

133 3918 288 3998 [sunnine
312 3939 428 3999 Snnctae
449 3948 481 4000 et
501 3939 670 3999 Individuae
694 3940 859 4000 Trinitatis.
907 3942 955 4002 Sit
975 3943 1031 3999 tibi
1051 3939 1106 3996 hoe
1126 3940 1245 4017 signum

96 4016 257 4093 'Menaeis
265 4037 374 4114 jugum
384 4037 498 4096 Christi
510 4044 700 4097 mansuetum
711 4047 742 4098 et
750 4041 824 4112 leve,
836 4048 868 4098 et
876 4041 1022 4117 protectio
1031 4040 1140 4095 souctae
1154 4037 1250 4094 crucis

98 4112 201 4280 *ae
210 4138 248 4205 te,
261 4138 293 4192 et
305 4135 344 4193 nd
357 4135 550 4194 Hierusalem
563 4136 707 4196 caelestem
724 4143 756 4196 te
769 4136 912 4214 perducat
927 4137 987 4209 Qui
999 4135 1078 4194 vivit
1091 4139 1123 4191 et
1136 4140 1248 4211 regnet.

192 4246 222 4287 ro.

138 4303 199 4378 ΒΜ
215 4325 336 4387 infinite
357 4330 575 4404 misericordie,
596 4333 761 4409 mejestatis
782 4334 941 4407 immensae,
965 4349 1054 4412 quem
1075 4351 1131 4390 nec
1151 4331 1249 4409 spatis

81 4428 83 4436 '
102 4378 190 4472 BQ
207 4439 256 4482 nec
274 4426 432 4488 intervella
452 4435 621 4506 temporum
634 4430 673 4489 nb
685 4429 733 4487 his
746 4450 820 4508 quos
833 4430 927 4489 tueris
939 4432 1127 4510 sbjungrmt3
1147 4429 1249 4489 adesto
