2768 4852
346 101 512 167 Mausolo
525 99 574 166 od
586 121 691 167 suum
703 101 838 168 &raca

49 267 160 327 Finito
175 267 295 325 Psalmo
308 287 376 326 omn
388 266 492 326 Gloria
505 266 598 325 Patri.
633 265 718 325 Sicut
730 272 803 325 erat.

52 349 135 408 Tota
144 348 266 407 dicotm
274 347 466 424 Antiphone:

52 429 198 489 Salvator
220 429 333 501 mundi,
355 427 437 486 salva
452 446 516 499 nos,
530 427 583 503 qui
603 445 657 504 per
677 445 793 485 crucem
807 432 838 485 et
856 427 1029 504 sauguinem
1049 430 1201 490 redemisti

10 524 68 568 ios:
90 509 241 567 auxiliare
253 509 347 580 nobis,
363 514 394 566 te
408 507 608 584 deprecamur,
623 507 705 566 Deus
718 512 825 565 noster.

55 589 145 647 Tarso
159 590 239 647 dicat
252 589 392 647 Sacerdos
405 588 553 646 Dominus
566 587 725 660 vobiscum,
741 595 767 646 ct
781 588 914 646 Oremus.
959 588 1070 649 Oratio.

54 670 257 745 Omnipotens
277 670 455 745 sempiterne
475 669 567 740 Deus,
581 669 634 743 qui
647 687 701 744 per
720 668 840 725 beatum
860 669 882 726 J
883 670 1007 726 acobum
1020 670 1200 746 Apostolum

10 762 84 807 uum
97 748 218 806 locutus
231 768 271 819 es,
286 749 405 807 diceus:
426 748 602 806 Infirmatur
615 749 682 824 quis
701 748 734 805 in
754 748 857 806 vobis:
878 748 1002 806 inducat
1014 751 1200 826 presbyteros

10 820 135 889 husie
149 838 182 887 et
194 833 281 888 orent
293 848 382 904 super
394 848 472 899 eum,
483 833 628 906 ungentes
641 828 705 886 oleo
718 834 820 886 sancto
833 829 866 886 in
880 830 999 886 nomine
1013 830 1149 888 Domini:
1170 838 1201 890 et

10 909 94 968 nuo
116 908 189 967 fidei
217 908 345 967 salvabit
364 909 525 981 infirmum,
549 916 580 966 et
608 908 762 966 alleviabit
791 928 859 966 eum
883 909 1039 983 Dominus,
1063 918 1094 968 et
1123 911 1201 968 siin

10 989 126 1049 mus
149 989 191 1046 sit
212 988 403 1047 dimittentur
423 989 470 1062 ei;
496 989 618 1065 dignare
638 1008 691 1065 per
704 1008 810 1046 manua
823 996 938 1046 nostres
957 989 1037 1048 hunc
1056 990 1202 1048 famulum

10 1080 84 1129 mm
105 1069 147 1127 N.
162 1069 315 1127 infirmum
335 1069 371 1128 de
391 1069 455 1127 oleo
475 1069 658 1128 sanctificato
678 1089 796 1146 ungere,
811 1076 842 1126 et
854 1069 969 1126 virtute
988 1071 1201 1135 benedictionis

10 1160 56 1206 uas
65 1149 160 1209 saluti
174 1149 307 1227 pristina
318 1151 487 1208 restituere:
508 1155 545 1207 ut
558 1150 636 1225 quod
644 1150 776 1207 exterius
789 1168 841 1225 per
854 1150 1052 1208 ministerium
1066 1157 1202 1208 nostrum

10 1222 135 1302 ficitur,
150 1230 207 1288 hoc
227 1231 352 1288 interius
372 1230 568 1309 spiritualiter
586 1235 641 1287 tua
659 1229 763 1287 divina
775 1230 872 1287 virtus
885 1250 918 1287 ac
938 1231 1130 1290 invisibiliter
1149 1237 1203 1289 tua

10 1308 180 1388 mlagmata
192 1316 359 1386 operentur.
401 1310 461 1368 Per
474 1310 645 1368 Dominum.

59 1390 147 1450 scm
169 1390 308 1450 Sacerdos
329 1391 463 1449 accederes
482 1391 524 1448 od
544 1391 699 1464 infirmum
716 1389 842 1466 incipiit
863 1390 1019 1449 Psalmcot
1031 1400 1199 1467 sequentem,

10 1460 104 1531 bnis
115 1470 183 1610 gl„
201 1471 320 1530 chritus
343 1480 436 1530 totum
456 1478 673 1547 prosequatur:
697 1479 723 1529 ct
747 1471 788 1529 sic
807 1474 866 1545 fiat
889 1472 924 1530 dc
950 1472 1048 1530 ceteris
1074 1473 1203 1531 Psalmis

57 1631 209 1690 Palmae.
251 1631 424 1708 Usquequo‚
440 1630 568 1690 Domine
582 1629 673 1709 (scii.)

57 1711 167 1773 Gloria
180 1711 274 1769 Patri.

56 1791 145 1851 Dum
172 1792 284 1849 dmitos·
308 1792 470 1868 pradictus
497 1790 637 1849 Pessimus
663 1811 683 1849 o
711 1790 794 1849 choro
821 1800 865 1849 oet
892 1813 912 1850 c
939 1793 1046 1865 clerico,
1075 1793 1201 1869 accipiet

10 1873 122 1930 mam
148 1871 288 1931 Sacerdos
314 1872 409 1930 obsum
439 1873 626 1946 infirmorum
652 1891 741 1948 super
762 1871 896 1946 pollicem
923 1875 1079 1931 douram:
1111 1882 1137 1931 et
1161 1875 1202 1931 sic

10 1956 66 2012 'lm
79 1952 132 2010 illo
141 1952 246 2028 pollice
267 1961 370 2028 magos
389 1952 543 2027 infirmum
561 1972 628 2010 cum
641 1951 708 2023 oleo,
723 1951 840 2026 sicam
854 1963 960 2011 sancto
975 1952 1201 2027 crrwissociens,

10 2036 87 2104 ”per
106 2032 410 2108 aromatarium,
431 2032 597 2108 incipimdc
617 2033 658 2090 ad
677 2033 820 2106 deutrum,
842 2042 868 2091 et
891 2034 970 2091 dicct
992 2032 1131 2091 Sacerdos
1151 2032 1201 2091 lsoc

60 2193 124 2251 Per
141 2193 232 2251 istam
252 2192 423 2251 unctionem
443 2198 475 2250 et
504 2211 588 2250 suam
608 2192 770 2269 piissimam
790 2192 1029 2265 misericordiam,
1052 2192 1205 2270 indulgeat

10 2257 59 2329 fibi
71 2273 222 2332 Dominus
236 2273 378 2350 quicquid
391 2273 519 2349 peccasti
530 2292 585 2349 per
597 2273 704 2331 visum.

62 2353 148 2430 Resp.
191 2354 300 2412 Amen.

62 2433 213 2509 Sequatur
227 2434 374 2493 Psolmus.
418 2433 567 2492 Exultabo
580 2440 619 2505 te,
631 2433 760 2490 Domine
772 2433 870 2507 (acic.
875 2434 891 2508 )

65 2513 171 2572 Gloria
184 2513 276 2571 Patri.
770 2569 772 2574 ,

63 2593 180 2653 Deinde
192 2613 279 2669 super
292 2613 387 2665 cures,
401 2595 514 2653 dicem:

65 2675 124 2734 Per
146 2675 236 2732 istam
256 2673 426 2731 unctionem
445 2681 476 2731 et
500 2693 583 2732 suam
608 2672 770 2749 piissimam
794 2671 1031 2741 misericordiam,
1051 2672 1208 2751 indulgeat

10 2744 62 2812 tibi
74 2754 225 2812 Dominus
238 2753 379 2830 quicquid
388 2754 514 2830 peccasti
526 2773 581 2830 per
594 2754 739 2813 auditum.
829 2821 833 2829 .

63 2835 147 2911 Resp.
190 2834 300 2892 Amen

64 2913 215 2990 Sequatur
227 2914 375 2973 Psalmis.
418 2915 440 2972 J
442 2914 529 2971 udica
542 2932 598 2987 me,
613 2914 697 2971 Deus
710 2912 823 2991 (cliii.)

66 2994 171 3054 Gloria
185 2995 278 3053 Patri.

64 3074 180 3135 Deinde
193 3094 282 3151 super
295 3075 383 3147 lobio,
399 3075 518 3133 dicate:

65 3154 125 3214 Per
137 3156 227 3213 istam
241 3156 412 3213 unctionem
426 3160 457 3212 et
470 3174 553 3212 suam
563 3153 726 3230 piissimam
735 3153 974 3225 misericordiam,
985 3155 1138 3234 indulgeat
1151 3156 1208 3214 tibi

10 3231 155 3294 Dominus
167 3235 310 3312 quicquid
324 3235 451 3312 peccasti
463 3254 517 3311 per
528 3242 648 3312 gustum
663 3242 693 3292 et
706 3253 760 3310 per
773 3235 878 3293 illicita
891 3235 989 3294 verba.

143 3359 150 3373 .
193 3317 302 3374 Amen.

64 3315 215 3472 siglam
227 3395 373 3455 Fecimus.
417 3395 500 3454 Deus
512 3395 546 3452 in
558 3395 678 3455 nomine
692 3401 744 3452 tuo
758 3394 852 3472 (iiii.)

66 3475 172 3536 Gloria
186 3476 280 3534 Patri.

64 3556 182 3616 Deinde
195 3576 283 3633 super
295 3575 391 3620 norea
405 3555 519 3615 dicatu:

64 3635 127 3695 Per
145 3637 237 3695 istam
259 3637 432 3694 unctionem
453 3643 485 3694 et
506 3654 590 3694 suam
614 3632 777 3712 piissimam
799 3629 1039 3699 misericordiam,
1057 3629 1211 3707 indulgeat

10 3716 63 3776 libi
76 3717 226 3775 Dominus
238 3717 380 3794 quicquid
393 3717 520 3794 peccasti
532 3736 586 3793 per
599 3716 762 3774 odoratum.

66 3797 96 3855 R
145 3841 152 3854 .
195 3799 304 3855 Amen.

65 3817 217 3954 officior
230 3877 377 3938 Psalmos.
420 3877 502 3937 Deus
515 3877 549 3934 in
562 3873 744 3953 adjutorium
757 3871 866 3950 (loric.)

67 3958 173 4017 Gloria
186 3958 280 4018 Patri.

66 4039 182 4098 Morsus
194 4039 361 4099 Sacerdotis
372 4039 487 4115 infirmi
499 4037 599 4097 debent
611 4032 720 4110 incipi
729 4032 763 4090 io
771 4029 910 4108 portibus
922 4028 1127 4088 scierim-ibim
1141 4045 1214 4086 acm

10 4119 210 4197 sspaeopus
229 4119 351 4178 ὶίπὼὸαι
368 4119 403 4177 io
417 4119 556 4194 portibus
574 4113 770 4176 assesso.
813 4108 926 4169 Marsus
938 4126 1003 4169 cero
1016 4109 1213 4188 osg‘usconqas

10 4198 130 4261 marias
141 4199 257 4276 infimi
270 4198 371 4260 debuit
383 4198 492 4274 iucnoi
504 4195 637 4305 intertui.

594 4289 616 4332 Ι)
