2768 4852
361 319 411 385 In
424 319 518 385 l'eato
531 317 691 385 omnium
704 319 916 387 Sanctorum.

337 612 378 671 Is
398 629 453 671 nm
473 611 676 672 minumus
696 629 803 671 enirn
822 612 949 675 Mamas

95 762 141 822 In
154 763 237 823 exitu
250 763 496 841 Responsorium:

97 860 201 920 Solem
210 861 338 938 justitiae
351 881 450 940 regem
464 862 599 939 paritura
612 881 792 939 supremum,

98 957 196 1017 Stella
209 958 310 1016 Maria
322 959 412 1016 marie
425 959 513 1017 hodie
526 960 668 1037 processit
680 959 718 1017 ad
731 966 839 1018 ortum.

61 1051 72 1113 ’.
98 1053 229 1114 Cernere
242 1054 379 1114 divinum
392 1055 495 1114 lumen
508 1055 634 1132 gaudete
648 1055 756 1114 fideles.
799 1057 899 1116 Stella.

100 1150 206 1210 Gloria
219 1150 305 1209 Patri
318 1157 350 1209 et
364 1151 442 1209 Filio
456 1158 487 1210 et
501 1151 628 1228 Spiritui
643 1151 760 1210 Sancto.
804 1152 904 1211 Stella.

98 1245 142 1305 In
154 1246 251 1306 mado
264 1247 511 1324 Resportsorium:
532 1247 628 1324 Stirps
642 1247 664 1305 J
665 1267 736 1321 esse,
750 1257 776 1307 et
790 1259 888 1308 cetero.

100 1343 152 1401 Ad
170 1343 328 1404 introitum
342 1342 441 1418 Obori,
455 1343 646 1421 Antipaltom:
666 1343 756 1402 Alma
776 1346 976 1424 redemptoris,
991 1356 1026 1407 ut
1045 1369 1138 1426 supra
1151 1350 1185 1409 ira
1198 1349 1246 1410 dte

61 1532 77 1593 ’.
92 1537 322 1618 (mandatelis).
365 1539 439 1597 Post
451 1544 579 1618 partum.

103 1635 214 1696 Oratio.

102 1732 356 1810 supplicationem
373 1752 525 1792 servorum
545 1739 676 1807 tuorum,
691 1733 774 1792 Deus
788 1734 950 1808 miserator,
966 1737 1083 1810 exaudi,
1098 1743 1134 1795 ut
1148 1737 1246 1814 quiin

61 1820 213 1887 fastivitate
225 1829 297 1887 .Dei
324 1829 481 1907 genetricis
515 1830 621 1888 Mariae
649 1850 869 1907 congregamur,
898 1833 961 1910 ejus
987 1833 1247 1892 intercessionibus

71 1931 103 1985 ie
116 1926 153 1985 de
165 1926 350 1985 instantibus
362 1927 502 2004 periculis
515 1947 661 1986 eruamur.
705 1927 763 1985 Per
777 1928 938 1988 Christum.

381 2185 421 2244 Iu
441 2186 541 2245 Fnsro
562 2202 688 2246 omunia
708 2188 907 2263 Sarcronuu,

103 2342 283 2419 Graeanque
295 2340 343 2401 die
355 2341 485 2401 weterit.

99 2439 153 2497 Aa
158 2439 370 2516 procerrimum
382 2438 417 2496 in
430 2439 509 2497 excitu
523 2436 615 2498 Ultori
629 2437 874 2515 Respotworium:

99 2535 233 2595 Laudem
250 2535 340 2594 dieite
360 2535 426 2594 Deo
446 2540 558 2608 nostro,
573 2554 673 2592 omnes
694 2536 790 2593 sancti
810 2537 882 2612 ejus,
898 2536 994 2613 etqui
1008 2537 1121 2596 timetis
1136 2539 1243 2611 Duum,

61 2632 144 2691 usilli
162 2637 194 2691 et
213 2632 323 2710 magni,
338 2631 480 2708 quoniam
496 2631 634 2708 regnabit
656 2631 805 2689 Dominus
823 2632 906 2690 Deus
928 2638 1029 2691 noster
1049 2634 1242 2711 omnipotens.

61 2730 231 2790 laudeamus
244 2735 276 2789 et
289 2730 458 2788 exultemus
471 2735 503 2787 et
516 2729 619 2786 demus
632 2729 757 2806 gloriam
771 2729 806 2787 ei.

61 2828 77 2887 l.
100 2828 203 2887 Genus
213 2828 349 2900 electum,
358 2847 429 2905 gens
439 2833 549 2899 sancto,
559 2826 686 2905 populus
697 2826 908 2904 acquisitionis,
918 2847 1060 2886 memores
1070 2848 1243 2902 memorum,

61 2924 160 2983 indata
173 2925 283 2983 Deum.
323 2924 518 2983 Gaudeamus.

100 3020 206 3080 Gloria
219 3021 305 3079 Patri
317 3026 348 3079 et
362 3020 439 3078 Filio
453 3027 484 3079 et
498 3020 626 3097 Spiritui
640 3019 756 3078 Sancto.
800 3019 995 3081 Gaudeamus.

99 3118 152 3177 Ad
163 3118 320 3177 introitum
335 3116 426 3178 olori
439 3118 551 3176 dieitur
564 3116 810 3194 Responaorium:

100 3215 236 3275 Concede
262 3215 356 3283 nobis,
381 3215 520 3289 Domine,
546 3235 723 3292 quaesumus,
747 3214 865 3272 veniam
889 3214 1074 3288 delictorum,
1099 3221 1130 3273 et
1153 3215 1245 3275 inter·

61 3313 213 3373 edentibus
238 3313 349 3371 sanctis
375 3332 503 3391 quorum
529 3311 617 3371 bodie
644 3313 799 3372 sollemnia
821 3313 1010 3384 celebramus,
1032 3313 1134 3371 Talem
1157 3313 1243 3372 nobis

61 3411 140 3470 ribue
152 3410 340 3469 devotionem
354 3415 389 3467 ut
401 3409 440 3467 ad
453 3428 555 3468 eorum
569 3410 724 3487 pervenire
737 3427 903 3466 mereamur
916 3408 1092 3469 societatem.

61 3506 75 3566 ἱ
100 3506 258 3584 Adjuvent
270 3525 325 3565 nos
338 3525 440 3565 eorum
450 3505 565 3579 merita,
577 3524 650 3582 quos
663 3504 782 3583 propria
794 3504 962 3581 impediunt
975 3504 1101 3563 scelera:
1122 3509 1244 3562 excuset

61 3604 219 3679 stomensio,
241 3609 359 3662 accusat
382 3622 456 3680 quos
479 3602 558 3662 actio
569 3622 579 3675 ;
611 3603 715 3679 etqui
741 3602 783 3660 eis
810 3602 944 3660 tribuisti
967 3603 1090 3661 caelestis
1113 3602 1243 3679 palmam

61 3699 195 3777 riumpbi,
209 3700 295 3758 nobis
308 3700 428 3758 veniam
442 3718 501 3757 non
516 3698 640 3776 deneges
653 3698 773 3775 peccati
817 3697 927 3756 Talem.
959 3773 964 3782 Ι

101 3796 207 3857 Gloria
220 3797 308 3863 Patri
320 3803 352 3855 et
366 3796 443 3854 Filio
458 3802 488 3854 et
502 3796 630 3872 Spiritui
643 3796 760 3854 Sancto.
803 3795 914 3854 Talem.

61 3893 74 3955 ἱ
90 3893 326 3974 (sacerdotalis).
369 3892 519 3951 Mirabilis
532 3893 616 3951 Deus
629 3893 662 3951 in
675 3893 784 3951 sanctis
798 3892 867 3951 suis.

106 3992 219 4053 Oratio.

100 4086 299 4165 Omnipotens
321 4086 500 4165 sempiterne
524 4087 615 4162 Deus,
631 4087 683 4164 qui
699 4106 753 4145 nos
774 4085 908 4145 omnium
932 4089 1100 4143 sanctorum
1121 4085 1243 4142 tuorum

61 4187 148 4247 terite
167 4185 224 4244 aub
245 4204 307 4243 una
327 4184 462 4242 tribuisti
481 4184 680 4242 sollemnitate
699 4184 835 4241 venerari
844 4203 853 4256 3
880 4182 987 4254 tribuo,
1010 4198 1185 4258 quaesumus,
1206 4184 1243 4238 ut

61 4282 237 4343 asideratam
249 4279 336 4340 nobis
349 4286 410 4340 tuse
423 4280 643 4358 propitiationis
659 4278 874 4338 abundantiam
888 4276 1094 4355 multiplicatis
1107 4275 1244 4335 interces-

61 4380 172 4441 onibus
184 4377 326 4457 largieris.
369 4376 430 4436 Per
442 4376 615 4436 Dominum.
