2768 4852
144 319 186 383 os
548 313 945 402 ruomatunfume

142 496 218 569 labe,
239 496 271 554 in
291 496 360 555 sinu
381 496 513 555 Abrahae
536 496 717 556 Patrinmhe
740 497 908 570 oolloeatus,
929 497 1028 556 locum
1051 497 1128 557 lueis
1149 505 1183 558 et
1206 499 1350 578 refrigerii

143 614 175 653 se
198 594 338 672 adeptum
361 615 423 653 esse
446 596 591 673 gaudent,
610 602 646 653 ut
665 615 735 654 eum
760 595 862 673 magni
878 594 989 672 judieii
1011 596 1076 655 dies
1096 597 1267 673 advenerit,
1289 619 1350 657 eum

143 692 253 750 nanctis
273 699 304 750 et
317 692 418 750 electis
431 693 492 750 tuis
509 711 578 750 eum
597 692 767 751 resuscitari
781 692 895 769 jubeas
939 692 1000 752 Per
1011 692 1171 754 Christum
1185 695 1346 755 Dominum

143 790 309 848 nostrum*

204 888 241 945 Η
241 888 267 944 io
279 895 452 962 oeperqatur
465 906 577 962 corpur,
591 894 618 945 et
631 886 804 960 incensetur,
819 895 846 946 et
853 896 990 963 ponetur
1002 888 1037 947 in
1048 889 1184 965 repulere
1197 916 1207 949 :

205 1016 385 1092 Antiphone.

143 1109 564 1257 Q
1244 1168 1264 1227 a,

206 1288 282 1346 Htee
310 1288 503 1364 re-qui·es.
788 1240 1348 1391 Q

872 1417 1277 1481 E-v-O-V-A-lt

204 1494 490 1575 Psalmuawoei.)

205 1595 366 1665 Memento,
381 1594 518 1666 Domine,
533 1593 642 1667 David,
657 1598 689 1652 et
702 1594 799 1652 omnis
812 1594 1048 1654 mansuetudinis
1061 1596 1145 1673 ejus:

205 1693 290 1750 Siout
298 1694 415 1770 jurarit
429 1692 567 1764 Domino,
582 1697 688 1749 votum
701 1692 788 1749 vovit
802 1692 866 1749 Deo
879 1693 993 1751 Jaoob:

205 1790 238 1848 Si
262 1792 405 1848 introiero
429 1789 461 1847 in
485 1789 710 1848 tabernaculum
734 1789 838 1847 domus
857 1809 939 1864 meae,
961 1789 988 1848 si
1007 1792 1168 1852 ascendero
1190 1796 1223 1854 in
1244 1795 1347 1855 lectum

145 1888 232 1946 strati
247 1889 322 1945 mci:

207 1984 238 2042 Si
252 1984 359 2041 dedero
373 2004 511 2041 somnum
524 1984 617 2043 oeulis
630 1984 712 2058 meis,
727 1990 759 2042 et
771 1984 919 2062 palpebris
933 1986 1007 2044 meis
1020 1986 1285 2048 dormitationem:

206 2082 247 2138 Et
261 2082 392 2159 requiem
406 2084 590 2160 temporibus
604 2084 694 2141 meis:
715 2082 808 2141 donee
827 2084 978 2142 inveniam
998 2083 1097 2143 locum
1111 2085 1246 2145 Domino
1259 2089 1349 2146 taber·

144 2181 284 2238 naculum
299 2182 363 2238 Deo
376 2182 480 2240 Jacob.

205 2279 281 2336 Ecee
294 2278 462 2336 audivimus
475 2299 540 2336 eam
555 2280 586 2336 in
600 2278 752 2355 Ephrats:
774 2279 943 2337 invenimus
955 2298 1021 2337 cem
1035 2279 1069 2336 in
1081 2281 1196 2357 eampis
1210 2281 1302 2342 silvae.

206 2376 402 2433 introibimus
416 2377 448 2434 in
462 2375 688 2434 tubernaculum
703 2377 784 2452 ejus:
804 2376 992 2434 ndombimus
1005 2377 1039 2434 in
1053 2376 1126 2451 loeo,
1137 2380 1193 2437 ubi
1207 2386 1348 2438 stetemnt

145 2473 233 2550 pedes
248 2477 272 2551 ej
278 2495 319 2532 us.

205 2571 308 2648 Surge,
324 2571 462 2641 Domine,
477 2570 510 2626 in
523 2569 654 2646 requiem
668 2575 761 2641 tuom,
776 2575 811 2626 tu
825 2576 856 2627 et
868 2589 936 2628 areo
948 2571 1194 2631 sanetifieationis
1209 2580 1283 2632 tuae.

207 2669 377 2726 Sacerdotes
392 2669 437 2725 tui
452 2668 617 2725 induantur
626 2668 638 2742 j
644 2667 775 2724 ustitiam
790 2690 796 2724 :
817 2673 848 2724 et
861 2668 957 2726 suncti
970 2669 1016 2727 tui
1030 2671 1178 2730 exultent

206 2766 332 2840 Propter
347 2765 445 2821 David
460 2785 579 2822 servum
594 2772 690 2837 tuum,
706 2786 765 2821 non
779 2773 896 2822 avertas
910 2767 1014 2824 faeiem
1030 2769 1142 2826 Christi
1158 2771 1213 2826 tui.

204 2862 226 2918 J
229 2864 327 2918 univit
353 2863 500 2918 Dominus
527 2863 626 2920 David
651 2863 817 2933 veritatem,
843 2870 874 2919 et
897 2883 957 2921 non
981 2865 1179 2925 frustiubitur
1202 2888 1284 2925 cam:
1313 2865 1341 2921 de

144 2960 243 3017 fructu
258 2961 371 3017 ventris
385 2961 430 3016 tul
445 2980 554 3035 ponam
568 2979 657 3036 super
670 2961 768 3016 sedern
783 2966 875 3017 tuam.

207 3059 240 3115 Si
260 3060 455 3116 custodierint
476 3059 530 3114 lilii
551 3059 597 3114 tui
617 3063 828 3114 testimenium
850 3077 958 3131 meum,
973 3064 1005 3117 et
1017 3061 1191 3118 testimonia
1204 3081 1268 3118 meo
1280 3060 1338 3124 hee,

146 3176 211 3234 quae
226 3157 333 3214 docebo
347 3177 414 3212 cos:
437 3155 478 3211 Et
493 3156 545 3211 filii
560 3174 661 3213 eorum
679 3175 772 3231 usque
786 3155 818 3211 in
831 3155 980 3228 saeeulum,
995 3156 1141 3221 sedebunt
1154 3178 1244 3235 super
1255 3156 1335 3215 sulcu

148 3260 239 3311 tuum.

209 3352 355 3420 Quoniam
367 3350 455 3423 elegit
471 3349 618 3405 Dominus
636 3348 724 3404 Sion:
745 3348 834 3423 elegit
848 3368 912 3405 eam
925 3349 958 3404 in
971 3349 1190 3409 habitationem
1205 3352 1266 3408 sibi.

210 3449 284 3506 llere
296 3449 411 3524 requies
425 3467 490 3503 rnen
502 3448 532 3502 in
543 3444 682 3504 sreculum
694 3444 808 3501 sacculi:
828 3445 876 3501 hic
886 3445 1027 3503 habitabo
1038 3449 1181 3524 quoniam
1191 3449 1264 3524 elegi
1275 3462 1332 3503 eatu-

152 3602 205 3611 -.-
215 3603 535 3611 --——--——..-—-.

242 3703 303 3759 Tho
319 3703 461 3759 Bodleian
477 3702 540 3759 MS.
558 3702 627 3758 here
640 3701 721 3777 gives
736 3701 786 3757 the
800 3701 952 3777 following
966 3701 1164 3762 “Benedictio
1178 3693 1335 3781 εεριάονῑ;”

150 3802 201 3860 tho
217 3800 391 3875 Camluidgo
407 3799 471 3856 MS.
488 3798 548 3856 also
562 3798 615 3855 has
629 3799 655 3855 it
669 3818 706 3855 on
723 3800 773 3856 the
787 3799 903 3876 margin
917 3820 965 3856 :—

213 3904 230 3931 ‘⁴
242 3898 392 3971 Rogamus
414 3903 453 3967 tc,
478 3895 606 3952 Domine
628 3901 736 3967 sancte,
760 3896 851 3953 Pater
873 3896 1068 3972 omnipotens,
1084 3902 1195 3955 aeterne
1209 3898 1295 3967 Deus
1314 3896 1338 3947 ul
1376 3902 1383 3969 l

152 3993 371 4074 boneffiam
393 3999 423 4049 et
447 3989 676 4068 sonetiffllioare
697 3992 826 4068 digneris
846 3993 902 4050 hoe
915 3992 1082 4069 sepulcrum
1103 3999 1135 4051 et
1152 4013 1259 4071 corpus
1277 3992 1339 4049 ineo
1376 3996 1383 4012 “

153 4092 376 4161 collocandum
398 4098 431 4147 ut
457 4091 495 4148 sit
521 4090 683 4147 remedium
706 4090 835 4148 uolutare
857 4090 890 4147 in
910 4110 944 4148 eo
964 4090 1176 4167 quieseentiet
1195 4087 1342 4167 redemptio

153 4188 258 4246 minue
279 4189 342 4264 ejus
355 4196 445 4263 utque
466 4186 561 4246 tutela
581 4193 612 4245 et
631 4187 785 4246 munimen
805 4195 908 4246 contra
920 4206 999 4247 saera
1014 4188 1116 4264 jacula
1135 4188 1261 4250 inimiei.
1301 4186 1344 4245 rer

155 4278 334 4341 Christum.'’
1007 4290 1010 4295 '

213 4397 232 4454 i
245 4395 307 4452 The
320 4394 406 4454 York
421 4397 486 4458 MS.
502 4399 584 4478 gives
598 4413 620 4455 a
634 4399 681 4457 sor
694 4398 745 4456 the
759 4399 817 4458 last
831 4405 900 4458 note
915 4398 949 4457 of
967 4398 1027 4457 this
1039 4398 1139 4459 ebnnt
