2760 4860
175 352 237 416 106
548 342 800 412 Boaodiotioaco
823 342 1007 412 aaaron.

175 528 245 588 huic
258 528 370 587 famulo
389 535 442 587 tno
456 528 489 586 in
501 533 533 585 te
545 526 657 603 ubique
676 525 847 597 confidenti,
861 532 893 584 ct
905 525 1107 585 intercedente
1122 525 1215 584 beata
1227 523 1284 583 Dei
1295 542 1365 602 geno

175 628 249 685 trice
273 646 446 704 semperque
465 624 593 702 Virgine
614 623 714 682 Maria
738 628 770 682 et
792 623 950 683 benedicta
971 623 1121 684 lfiohaele
1150 621 1323 700 archangelo
1339 624 1365 679 ct

175 725 263 782 beato
275 724 297 783 J
299 724 400 782 uliano
413 721 577 781 confessore
598 728 651 779 tuo
673 727 705 779 et
718 720 856 780 omnibus
872 721 999 794 Sanctis,
1013 741 1068 800 per
1080 738 1200 779 omnem
1212 738 1271 796 qua
1282 717 1365 775 itura

176 820 301 893 saviam
315 821 378 879 dux
398 827 429 879 et
450 838 547 879 comes
570 818 672 877 adesse
695 819 826 895 dignare
867 817 956 876 Nihil
969 816 1226 877 sibidifficultatis
1244 814 1362 885 obiam

175 925 283 977 cuncta
296 919 358 977 sint
371 936 518 995 prospera,
533 922 641 974 cuncta
660 915 798 989 salubria,
813 922 849 974 ut
862 917 917 975 sub
939 935 995 993 ope
1015 915 1148 975 dextera
1168 920 1228 971 tna
1240 904 1364 988 quicquit

172 1016 257 1090 justo
280 1016 446 1092 expetierat
469 1014 614 1072 desiderio
638 1013 728 1071 celeri
750 1018 948 1089 consequatur
968 1012 1084 1071 effectu
1136 1010 1197 1069 Per
1217 1008 1363 1068 Dominum

176 1118 311 1170 nostrum
324 1112 347 1169 J
348 1132 431 1171 esum
445 1111 600 1170 Christum
614 1111 728 1170 Filium
741 1109 946 1170 tuum—MS.
967 1106 1068 1190 Yorlc]

188 1390 382 1449 Banamccro
403 1390 508 1448 Omrm
529 1406 568 1447 m
589 1389 708 1448 Bucam
729 1404 858 1448 nonnus
881 1400 1126 1445 rnorrcmcrams
1145 1401 1189 1444 an
1207 1398 1371 1443 naaman·

236 1583 377 1643 Sacerdos
389 1583 514 1659 incipiat
527 1604 593 1642 cam
606 1584 734 1644 Psalmo.
778 1585 862 1643 Deus
874 1585 907 1641 in
920 1583 1107 1661 adjutorium
1119 1602 1226 1642 meum.

236 1681 382 1740 Psatmas.
425 1681 603 1740 Benedicam
618 1682 783 1740 Dominum
795 1681 939 1759 (miii.)

237 1777 384 1837 Psatmas.
427 1779 449 1838 J
450 1780 547 1853 udica,
563 1781 702 1854 Domine,
717 1786 858 1839 nocentes
871 1779 1005 1859 (mio.)

236 1876 383 1933 Psatmrcs.
428 1877 487 1948 Qui
502 1877 618 1936 habitat
632 1879 715 1956 (ooo.)

240 1973 384 2034 Psatmas.
428 1975 605 2053 Quicunque
618 1975 696 2034 vult.

237 2069 416 2146 Antiphone.
459 2074 508 2131 Ne
522 2074 729 2132 reminiscaris.

239 2167 336 2244 Kyrie
349 2168 476 2246 eleyson.
521 2170 639 2229 Christe
653 2170 779 2248 eleyson
824 2168 923 2246 Kyrie
935 2169 1062 2247 eleyson.

240 2265 331 2324 Pater
343 2273 451 2327 noster.
495 2268 537 2325 Et
550 2287 661 2327 nenos.

239 2362 369 2422 Domine
382 2383 444 2423 non
456 2365 626 2424 secundum,

239 2462 369 2520 Domine
382 2482 420 2522 ne
434 2462 612 2521 memineris.

239 2560 364 2636 Adjuva
377 2579 439 2618 noa

240 2657 362 2715 Salvum
376 2658 421 2715 fac
436 2677 555 2715 servum
569 2664 664 2714 tunm.

239 2755 313 2811 Esto
328 2756 363 2827 ei,
379 2754 517 2827 Domine,
533 2755 626 2812 turris
640 2754 834 2812 fortitudinis.

240 2851 369 2909 Domine
383 2852 500 2909 exaudi.

239 2947 387 3005 Dominus
401 2950 559 3007 vobiscum.
604 2950 725 3006 Etcum
740 2951 849 3026 spiritu
863 2960 923 3008 tuo.
967 2949 1101 3007 Oremus.

241 3043 350 3103 Oratio.

240 3142 435 3219 Omnipotens
449 3145 626 3222 sempiterne
641 3146 732 3218 Dens,
745 3147 797 3222 qui
812 3147 955 3205 mundum
967 3166 1005 3205 ex
1015 3145 1137 3204 informi
1151 3146 1278 3204 materia
1291 3141 1371 3202 fecisti

177 3244 208 3296 et
222 3241 342 3298 unicum
358 3242 468 3301 Filium
483 3251 569 3301 tuum
584 3245 640 3301 tibi
654 3250 834 3302 coeternum
844 3266 898 3321 pru
908 3245 1024 3322 generis
1034 3244 1159 3302 humani
1172 3243 1369 3320 redemptione,

180 3336 295 3411 Spiritu
316 3339 424 3396 Sancto
445 3350 627 3417 cooperante,
643 3344 790 3399 incarnari
810 3349 900 3420 atque
913 3342 950 3401 de
964 3342 1048 3400 hoste
1061 3341 1187 3416 antiquo
1200 3339 1370 3417 triumphare

179 3433 274 3490 fecisti
286 3457 292 3492 ε
306 3441 337 3492 te
347 3437 521 3513 suppliciter
534 3439 671 3514 petimus,
684 3446 719 3496 ut
730 3440 785 3497 hoc
799 3446 917 3497 scutum
927 3447 1017 3516 atque
1027 3438 1166 3496 baculum
1176 3438 1270 3496 istum
1280 3439 1370 3496 dam

179 3532 320 3604 potentia
342 3539 401 3591 tuae
429 3535 649 3616 beneffidicere
676 3538 814 3613 digneris,
838 3544 874 3594 ut
895 3537 957 3594 sint
980 3555 1063 3594 arma
1086 3535 1276 3593 invincibilia
1294 3541 1369 3608 atquo

179 3627 354 3705 triumphali
367 3632 502 3707 potentia
513 3639 565 3691 tua
575 3635 814 3708 adminiculante,
827 3636 981 3707 victricia;
1001 3632 1144 3710 quatinus
1159 3625 1376 3708 quicunquetit.

177 3725 268 3781 armis
288 3728 474 3802 pugnaverit,
493 3734 546 3786 tus
566 3731 748 3804 protectione
772 3733 906 3788 munitus
930 3737 991 3788 tum
1013 3731 1145 3807 corporis
1166 3751 1259 3807 quam
1283 3757 1350 3779 2¹¹¹>

178 3820 304 3879 salutem
318 3824 470 3899 percipiat,
487 3832 577 3902 atque
597 3828 722 3884 creatori
742 3829 874 3885 omnium
896 3829 1007 3904 gratias
1027 3828 1147 3886 reserat.
1191 3829 1253 3899 Qui
1265 3822 1374 3885 viris*

178 3938 282 3995 regnas
297 3920 378 3977 Deus
392 3941 444 3997 per
457 3923 557 3979 omnia
571 3924 677 3980 saecula
690 3925 873 3982 sacculorum.

239 4016 392 4076 Tradetur
403 4027 472 4077 tanc
486 4019 513 4076 ei
525 4027 642 4077 scoram
655 4029 682 4078 et
695 4021 775 4078 dicat
788 4019 949 4080 Sacerdos:

238 4115 349 4192 Accipe
363 4116 418 4173 hoc
432 4123 549 4174 scutum
570 4117 699 4192 corperis
720 4118 768 4175 tui
789 4119 1010 4195 protectionem.
1054 4118 1093 4175 In
1106 4119 1230 4178 nomine
1243 4116 1329 4178 Patris

179 4209 250 4268 Filii
264 4218 294 4269 et
309 4213 439 4288 Spiritus
454 4213 562 4270 Sancti.
606 4214 715 4273 Amen.

237 4308 381 4368 Similiter
394 4319 420 4368 ot
433 4311 554 4369 baculas
568 4312 708 4370 tradatur
721 4312 755 4385 ei,
772 4321 797 4371 ct
811 4314 891 4371 ἀέσαι
904 4311 1065 4374 Sacerdos:

238 4403 351 4481 Accipe
365 4406 443 4465 hunc
460 4408 599 4466 baculum
612 4408 720 4467 adhoc
740 4410 874 4468 duellum
895 4417 1104 4488 preparatum,
1119 4431 1189 4472 enm
1209 4433 1268 4491 qno
1292 4438 1295 4447 ,
1326 4446 1328 4449 ·
