2768 4852
164 352 206 413 88
537 342 712 430 Ewouioe
731 340 984 429 Defumtomm.
1075 326 1081 333 ⁵

223 529 275 587 Ad
301 528 464 606 alligandos
490 547 572 604 noges
598 546 701 585 eorum
727 527 760 584 in
785 525 985 603 compedibus,
1008 530 1040 582 et
1061 525 1174 583 nobiles
1199 503 1330 582 eorum&

163 626 286 685 manioia
299 626 408 684 sarreia.

225 724 272 783 Ut
295 723 404 782 iaciant
426 724 460 781 in
483 722 526 781 eia
543 720 691 799 judicium
713 720 932 797 ooneoriptum:
959 718 1055 798 gloria
1074 719 1137 778 haeo
1158 726 1202 777 eet
1221 710 1342 776 omnibo‘

155 821 280 879 -Sunotia
293 822 364 896 ojua

222 926 381 1002 (Paalmua
394 925 450 1002 cl.)

223 1023 356 1080 Laudato
377 1021 540 1079 Dominum
561 1020 593 1077 in
613 1019 724 1078 sanctia
737 1019 817 1096 ejus:
839 1019 957 1077 laudate
971 1037 1040 1076 eum
1053 1018 1087 1075 in
1105 1018 1289 1075 firmamento
1301 1013 1349 1071 vir.

163 1118 238 1177 tutia
252 1120 322 1194 ejus.

223 1218 355 1275 Iaudate
382 1236 450 1274 eum
477 1217 510 1273 in
537 1216 701 1274 virtutibus
727 1218 808 1293 ejua:
839 1216 959 1274 laudato
982 1235 1051 1274 oum
1073 1216 1238 1274 secundum
1264 1211 1354 1271 multi·

162 1317 298 1374 tudinem
311 1314 524 1392 magnitudinis
538 1314 609 1390 ejua

223 1410 356 1468 Iaudate
370 1429 438 1466 oum
451 1410 484 1466 in
497 1429 569 1466 sono
582 1409 680 1481 tuboe3
700 1408 819 1466 landate
832 1428 900 1466 eum
914 1408 947 1465 in
960 1409 1100 1485 walterio
1114 1414 1146 1466 ot
1158 1408 1282 1466 oithma

224 1503 357 1560 Laudato
370 1521 438 1558 eum
452 1500 485 1557 in
498 1507 640 1576 tympano
654 1506 685 1558 et
698 1500 803 1558 choro:
823 1501 944 1559 laudato
953 1521 1022 1560 eum
1032 1502 1065 1559 in
1075 1500 1194 1559 chordis
1204 1507 1236 1558 ot
1245 1517 1356 1576 organo

223 1598 357 1656 Laudato
377 1617 444 1655 eum
458 1598 490 1654 in
508 1597 650 1672 cymbalis
669 1597 937 1657 benesonantibus:
958 1598 1078 1657 laudato
1091 1617 1159 1656 oum
1174 1598 1209 1654 in
1224 1594 1359 1673 cymbali:

156 1696 364 1772 jubilationis:
386 1694 483 1751 omnia
496 1695 618 1771 spiritua
630 1694 732 1752 laudet
746 1695 917 1753 Dominum.

223 1792 369 1868 Requiem
384 1797 532 1848 aeternam.

222 1945 400 2019 ΛηίῑρΙιοηα.

160 2052 1019 2200 ffl

210 2216 342 2274 Om-nin
369 2216 480 2291 epi-ri
498 2251 510 2260 -
527 2221 577 2273 tua
602 2216 734 2274 lau-det
762 2217 977 2274 Domi-num

167 2346 198 2406 V.
223 2346 353 2422 Aporta
367 2344 471 2416 inseri3

162 2442 200 2502 R.
222 2443 311 2515 Erue,
326 2441 463 2512 Domine,
478 2441 591 2499 animas
605 2462 713 2502 eorum.

222 2601 400 2678 Antiphone.

908 3003 1303 3062 E-V-o-v-A-E.

226 3133 362 3191 Paolnmo
376 3134 553 3210 (Canticum
567 3132 847 3191 Zachariae—Luco
860 3133 901 3210 i.)

225 3229 403 3288 Benedictus
428 3231 575 3289 Dominus
600 3232 681 3287 Deua
703 3229 816 3303 Iaraol;
842 3231 912 3306 quio
933 3229 1075 3302 visitavit,
1091 3237 1121 3287 ot
1142 3230 1214 3288 feeit
1234 3231 1356 3306 rodomo

165 3326 274 3384 tionem
289 3328 383 3402 plebis
397 3348 464 3386 suoe.

225 3424 266 3479 Et
280 3425 374 3479 erexit
387 3443 478 3481 cornu
492 3424 596 3481 salutis
609 3423 702 3494 nobie,
718 3423 750 3478 in
764 3422 850 3479 domo
865 3421 964 3478 David
979 3421 1063 3497 pueri
1076 3421 1131 3478 oui

224 3519 308 3575 Siout
323 3519 437 3576 locutus
457 3526 500 3578 oet
521 3540 574 3597 por
588 3540 619 3577 os
633 3521 817 3590 Sanctorum,
834 3519 886 3595 qui
899 3538 917 3576 a
930 3517 1035 3575 saeoulo
1049 3524 1130 3590 eunt,
1145 3517 1354 3595 Prophetarum

164 3614 235 3691 ejus.

223 3711 354 3769 Salutem
369 3732 406 3769 ex
421 3712 549 3770 inimicia
562 3712 680 3784 nostris,
695 3713 775 3769 etde
789 3732 879 3770 manu
893 3712 1035 3783 omnium,
1050 3711 1104 3788 qui
1117 3711 1247 3770 oderunt
1261 3733 1321 3771 noa

221 3809 273 3867 Ad
297 3809 464 3866 faciendum
488 3808 717 3866 misericordiam
741 3828 808 3866 oum
833 3810 968 3886 patribus
991 3808 1118 3866 nostris:
1146 3814 1179 3865 et
1207 3807 1357 3867 memoran‘

162 3907 333 3967 tentamenti
348 3907 394 3964 sui
408 3907 510 3964 naneti.

221 4004 244 4061 J
245 4003 448 4079 uajurandum,
465 4001 544 4077 quod
560 4001 676 4075 juravit
689 4001 726 4059 ad
740 4001 893 4058 Abraham
916 4007 1030 4078 patiam
1044 4007 1202 4059 nostrum:
1222 4001 1357 4060 daturum

162 4115 193 4153 ao
206 4098 298 4156 nobia.

222 4193 270 4251 Ut
283 4195 346 4252 aine
365 4197 473 4255 timore
492 4197 529 4256 do
549 4213 640 4254 manu
660 4195 847 4255 inimieorum
868 4201 1037 4254 nostrorum
1057 4194 1185 4269 liberati,
1200 4196 1359 4255 aorviamm

221 4379 260 4437 In
272 4383 431 4444 sanctitate
444 4394 475 4445 et
485 4388 606 4462 justitia
619 4406 716 4446 eoram
730 4392 801 4466 ipso,
816 4388 953 4448 omnibus
966 4388 1071 4448 diebus
1085 4388 1202 4448 nostrie
