2768 4852
114 1081 275 1165 ORDO
309 1081 393 1164 ΑΙ)
423 1080 803 1165 VlSITANDUM
838 1081 1162 1168 INFIRMUM.

89 1475 234 1536 Ssoerdos
246 1485 356 1554 prom
374 1475 506 1536 amam
525 1477 651 1536 ind-utus
669 1476 744 1536 stobi
759 1496 817 1554 pro
835 1478 999 1538 mutate
1012 1478 1238 1554 cumfratribus

71 1593 152 1633 mom
164 1573 285 1632 intrem
296 1572 394 1632 dieat:

90 1668 159 1728 Pax
172 1668 243 1727 hoio
255 1667 358 1727 domui
370 1659 401 1727 et
421 1669 559 1728 omnibus
578 1669 783 1728 habitantibus
801 1670 834 1728 in
853 1690 894 1728 ea.
938 1670 1005 1730 Pax
1018 1672 1237 1750 egredientibus

72 1766 319 1844 ingredientibus.
360 1765 509 1842 Alleluya.

90 1871 178 1930 Tune
189 1891 300 1947 Quom
312 1870 488 1930 benedicum
500 1891 589 1948 stipor
600 1870 754 1946 infirmum
762 1880 788 1931 et
792 1892 848 1948 per
859 1880 948 1932 totam
958 1873 1077 1933 (imnum
1091 1883 1234 1952 asperent,

71 1987 128 2030 ene
137 1966 362 2045 incertorum:
381 1968 530 2045 Asperges
544 1987 600 2042 me,
614 1967 751 2027 Domine.

88 2074 239 2134 Prolmtoe.
282 2073 426 2132 Miserere
440 2073 507 2146 mei,
524 2073 615 2131 Deus
696 2130 699 2135 ,

95 2169 270 2231 Veneram.
313 2170 448 2229 Ostende
461 2170 555 2244 nobis,
572 2169 709 2243 Domine,
723 2170 953 2229 misericordiam
967 2176 1058 2229 tuam.

89 2274 227 2336 Oramus
271 2272 383 2334 Oratio.

88 2370 212 2430 Exaudi
235 2391 299 2444 nos,
322 2370 460 2445 Domine,
486 2377 588 2429 sancte
615 2370 716 2444 Peter,
742 2373 931 2448 omnipotens
953 2376 1064 2427 aeterue
1091 2370 1183 2443 Deus,
1204 2379 1237 2431 et

71 2470 150 2527 ttere
168 2468 300 2545 digneris
319 2473 456 2527 sanetum
475 2467 615 2546 angelum
632 2475 720 2526 tuum
734 2467 771 2526 de
785 2467 864 2525 caelis
882 2467 934 2543 qui
956 2465 1112 2538 custodiat,
1126 2466 1234 2541 foveat,

71 2570 174 2643 ttegnt,
189 2565 294 2624 visitet
309 2571 341 2624 et
360 2564 500 2625 defendat
519 2584 621 2625 omnes
640 2565 811 2624 habitantes
831 2563 863 2620 in
884 2564 939 2621 hoc
955 2563 1133 2622 habitseulo.
1176 2564 1236 2624 Per

71 2662 184 2720 nutum
198 2661 362 2721 Dominum
376 2669 520 2721 nostrum.

89 2766 241 2826 Dominus
254 2768 413 2826 vobiscum

90 2861 226 2923 Oremus
429 2877 431 2881 ·

90 2959 288 3038 Omnipotens
297 2965 329 3017 et
338 2958 503 3017 misericors
513 2959 605 3032 Deus,
617 2978 785 3037 quesumus
798 2959 972 3019 immensam
985 2959 1128 3036 pietatem
1141 2966 1234 3031 tuem,

71 3056 117 3116 tul
126 3057 287 3116 introitum
300 3055 482 3115 humilitatis
495 3062 603 3114 nostrie
617 3056 697 3114 huno
714 3056 859 3115 famulum
875 3062 961 3113 tuum
976 3054 1016 3115 N.
1033 3055 1066 3111 in
1086 3055 1141 3114 hoe
1153 3055 1234 3114 hahi-

71 3152 128 3211 olo
139 3152 252 3212 fessum
267 3154 417 3229 jaeentem
440 3152 611 3211 visitatione
631 3152 784 3223 salutifera
801 3152 922 3210 visitare
941 3152 1069 3228 digneris
1079 3171 1088 3223 ;
1108 3156 1139 3209 et
1156 3152 1235 3210 sieut

71 3244 167 3320 inuti,
181 3247 320 3321 Domine,
335 3249 459 3307 Tobiem
472 3254 504 3307 et
518 3249 621 3307 Seram
635 3256 666 3308 et
680 3268 793 3307 socrum
810 3247 894 3306 Petri
908 3266 1092 3324 puerumque
1106 3247 1234 3305 centuri·

71 3340 161 3418 hita
179 3351 212 3405 et
231 3344 297 3418 iste,
311 3345 439 3422 pristina
458 3345 587 3404 sanitate
607 3345 714 3404 animes
734 3351 766 3403 et
784 3344 914 3421 eorporis
927 3350 1054 3419 recepta,
1069 3342 1233 3420 gratiarum

71 3438 137 3502 'tin
156 3442 281 3502 ecclesie
299 3446 353 3500 tua
371 3442 482 3501 reiemt
501 3443 656 3503 sotionem.
709 3441 769 3500 Per
788 3442 951 3500 Dominum
972 3448 1107 3500 nostrum
1126 3440 1233 3500 Jesum

71 3536 182 3599 mem
196 3537 311 3597 Filium
324 3545 421 3597 tunm.

89 3642 216 3704 Oremns
242 3643 408 3703 Dominum
435 3645 543 3704 Jesum
570 3643 724 3703 Christum
751 3651 782 3702 et
808 3664 876 3703 cum
904 3644 986 3702 omni
1017 3643 1233 3720 supplioatione

71 3758 171 3821 panus,
186 3747 223 3801 nt
234 3741 315 3800 hune
327 3741 474 3800 famulum
490 3761 578 3800 suum
591 3740 630 3800 N.
646 3760 699 3818 per
711 3748 845 3800 sanetum
860 3741 996 3818 angelum
1010 3760 1098 3797 suum
1111 3738 1233 3797 visitare

74 3838 337 3916 bimaremque
357 3840 524 3897 confortare
543 3838 692 3916 dignetur,
708 3837 768 3907 Qui
788 3857 856 3896 oum
876 3837 942 3894 Deo
962 3837 1053 3895 Patre
1066 3841 1098 3892 et
1117 3833 1233 3911 Spiritu

71 3943 135 3999 teto
145 3937 226 3997 vivit
238 3943 271 3996 et
282 3942 389 4014 regnat
401 3935 484 3995 Deus
497 3955 550 4013 per
563 3934 664 3994 omnin
676 3935 783 3993 saeeula
795 3933 977 3991 soeculorum.
1020 3933 1128 3989 Amen
1175 3999 1179 4007 ²

84 4040 198 4102 Oratio·
239 4041 376 4102 Oramus.

81 4136 220 4217 ΒϋΡὶοθ,
235 4138 373 4213 Domine,
388 4137 426 4197 de
438 4136 518 4210 ezelo,
534 4143 566 4195 et
581 4136 658 4208 vide,
674 4141 705 4193 et
718 4133 809 4192 visita
821 4132 901 4190 huno
918 4130 1063 4189 famulum
1077 4136 1165 4189 tuum
1174 4128 1231 4202 N.;

71 4234 278 4319 fidiam,
292 4238 371 4296 deut
383 4235 555 4297 benedicere
578 4233 717 4310 dignatus
737 4250 768 4289 es
790 4228 953 4301 Abraham,
969 4229 1052 4287 Isaeo
1073 4234 1105 4286 et
1125 4229 1228 4290 Jaooh

71 4333 143 4415 peine,
169 4331 309 4406 Domine,
333 4333 426 4393 oeulis
450 4332 519 4405 tuis,
534 4335 566 4390 et
588 4329 668 4407 reple
690 4348 758 4387 eum
782 4326 864 4386 omni
887 4326 995 4403 gaudio
1019 4332 1051 4384 et
1073 4326 1180 4387 latitia
1199 4330 1230 4385 et
