2768 4852
454 319 646 388 sapricio
663 320 790 388 roura.
1186 326 1227 388 15

10 502 103 562 undis
121 503 295 561 hominibus
314 507 511 580 preparatam
530 522 639 561 aroana
651 503 700 560 sui
719 503 841 560 luminis
861 503 1048 561 admixtione
1068 503 1229 579 fecundet,

10 605 52 659 ut
71 602 305 660 sanctificatione
325 606 467 677 concepta
479 601 518 659 ab
538 601 729 659 immaculato
746 602 843 659 divini
857 602 950 660 sontis
970 608 1056 660 utero
1069 602 1102 659 in
1117 621 1227 662 novam

10 703 121 757 umam
143 705 310 755 creaturam
337 697 491 774 progenies
517 697 641 755 caleatis
668 704 817 774 emergat3
844 704 876 756 ct
899 718 974 774 quos
1000 705 1055 757 aut
1081 718 1171 757 sexus
1194 700 1228 758 in

10 810 136 872 corpore
149 801 203 852 aut
216 801 288 852 aetas
298 794 441 851 discernit
454 795 487 851 in
500 800 641 871 tempore,
652 814 753 853 omnes
767 795 800 852 in
813 814 903 852 unam
913 795 1011 871 pariat
1021 797 1118 872 gratia
1131 803 1228 854 mater

10 888 181 949 infantiam
225 889 335 948 Procul
358 909 427 967 ergo
447 890 526 963 hinc,
537 892 664 967 jubente
684 898 725 962 te,
746 892 884 962 Domine,
906 893 1003 950 omnis
1023 893 1147 968 spiritus
1171 893 1226 950 im·

10 988 144 1047 mundus
158 988 317 1047 abscedatt
342 988 445 1066 procul
452 994 518 1046 tota
530 989 665 1065 nequitia
673 989 825 1047 diabolicae
834 990 948 1047 fraudis
962 990 1095 1049 absistat.
1139 990 1226 1050 Nihil

10 1084 58 1147 hic
73 1085 134 1144 loci
146 1086 254 1144 habeat
267 1088 422 1145 contrariae
436 1087 558 1145 virtutis
571 1088 737 1160 admixtio,
765 1107 826 1144 non
838 1087 1007 1146 insidiando
1021 1087 1224 1162 circumvolet,

10 1203 74 1244 uon
98 1183 219 1242 latendo
242 1189 396 1260 surrepat;
426 1203 487 1241 non
511 1183 669 1241 inficiendo
696 1190 874 1259 corrumpat.
917 1184 965 1241 Sit
991 1184 1054 1242 haec
1077 1189 1181 1243 sancta
1192 1191 1224 1244 et

10 1299 156 1341 nnocens
189 1286 324 1338 creatura
357 1281 451 1338 libera
481 1281 520 1338 ab
551 1280 633 1336 omni
666 1280 882 1356 impugnatoris
909 1280 1039 1352 incursu,
1069 1287 1101 1339 et
1127 1282 1222 1340 totius

10 1376 156 1454 nequitie
176 1383 302 1454 purgata
322 1377 460 1435 discessu.
511 1375 559 1434 Sit
578 1373 791 1455 fonsfflvivus,
811 1373 1122 1455 aquafflregenerans,
1143 1377 1225 1436 unda

10 1471 225 1557 fpurifioans,
254 1480 290 1531 ut
316 1493 418 1532 omnes
444 1473 500 1531 hoc
527 1472 644 1531 lavacro
670 1472 824 1531 salutifero
850 1473 993 1546 diluendi,
1022 1480 1164 1550 operante
1191 1474 1225 1532 in

10 1574 46 1633 da
64 1571 185 1648 Spiritu
194 1571 310 1643 Sancto,
321 1571 459 1648 perfectae
468 1570 652 1647 purgationis
666 1569 882 1646 indulgentiam
893 1577 1119 1647 consequantur.
1162 1569 1224 1630 Hie

10 1668 104 1746 iperet
118 1687 229 1743 aquam
246 1688 341 1725 aranee
356 1667 441 1742 eipso
455 1666 556 1725 crucia
604 1665 696 1723 Unde
711 1662 907 1744 beneffldico
922 1671 959 1739 te,
975 1672 1112 1724 creatura
1125 1686 1219 1743 aquae,

10 1786 57 1825 rer
76 1761 338 1843 Deumffivivum,
348 1783 401 1841 per
414 1759 674 1841 Deumfflverum,
690 1780 744 1838 per
753 1758 1048 1840 Deumffisanctum,
1059 1782 1112 1838 per
1123 1763 1222 1821 Deum

10 1863 56 1942 mi
83 1867 117 1919 te
139 1861 172 1918 in
195 1862 341 1938 principio
361 1861 452 1918 verbo
472 1859 621 1936 separavit
641 1859 679 1915 ab
697 1858 781 1915 arida
793 1877 803 1930 3
829 1859 912 1935 cujus
927 1859 1057 1936 Spiritus
1078 1879 1168 1936 super
1191 1867 1222 1918 te

10 1959 161 2020 metatur
169 1976 178 2028 3
198 1958 251 2034 qui
266 1965 296 2015 ta
309 1957 346 2015 de
365 1956 508 2014 Paradiso
529 1974 652 2013 manare
668 1955 769 2030 jussit,
784 1960 815 2012 et
832 1955 865 2012 in
885 1963 1029 2031 quattuor
1046 1955 1221 2015 fluminibus

10 2063 100 2118 >tam
115 2059 226 2111 terram
240 2053 336 2130 rigare
349 2052 497 2130 praecepit.
540 2051 601 2110 Hie
614 2051 755 2110 Sacerdos
767 2050 865 2127 ejwrht
881 2072 991 2126 aquam
1004 2072 1101 2110 ecana
1115 2054 1220 2112 arcade

10 2157 85 2215 tnta
102 2149 140 2207 in
159 2158 298 2224 quattuor
307 2148 444 2225 partibus
460 2148 601 2207 dicerrdc:
632 2147 694 2217 Qui
707 2154 737 2204 te
751 2147 784 2205 in
797 2147 913 2205 deserto
927 2167 1057 2206 amaram
1072 2149 1220 2209 suavitate

10 2249 105 2310 adita
116 2245 189 2304 fecit
209 2265 272 2304 ease
288 2246 450 2322 potabilem
464 2252 496 2304 et
515 2245 631 2303 sitienti
644 2243 753 2322 populo
768 2244 804 2302 de
824 2251 911 2322 petra
930 2246 1082 2321 produxit.
1126 2248 1220 2306 Bene-

10 2341 150 2423 empta
170 2361 223 2419 per
236 2342 342 2401 Jesum
356 2342 510 2400 Christum
530 2341 644 2400 Filium
657 2343 722 2418 ejus
735 2342 868 2414 unicum,
884 2341 1050 2400 Dominum
1069 2349 1218 2416 nostrum,

10 2445 53 2520 ui
69 2447 104 2500 te
117 2441 151 2498 in
162 2440 243 2499 Cana
258 2441 387 2499 Galiloeae
401 2441 485 2516 signo
499 2440 669 2498 admirabili
683 2458 737 2497 sua
749 2440 886 2515 potentia
899 2441 1047 2498 convertit
1057 2441 1090 2497 in
1099 2443 1217 2499 vinum:

10 2540 52 2600 ui
67 2537 196 2616 pedibus
210 2543 342 2613 superte
355 2535 529 2608 ambulavit,
541 2542 572 2595 et
585 2557 604 2594 a
617 2535 639 2594 J
640 2535 757 2593 ohanne
768 2535 801 2591 in
814 2533 836 2592 J
837 2534 948 2591 ordene
958 2536 991 2591 in
1005 2541 1036 2591 te
1051 2535 1217 2610 baptizatus

10 2645 68 2698 st:
90 2635 146 2712 qui
158 2642 189 2693 te
208 2654 351 2693 unacum
370 2634 514 2711 sanguine
534 2635 571 2693 de
591 2635 684 2692 latere
698 2653 752 2691 suo
772 2633 925 2710 produxit,
941 2639 972 2690 et
991 2632 1144 2709 discipulis
1157 2636 1218 2694 suis

10 2734 93 2794 ussit
107 2739 144 2791 ut
156 2734 307 2791 credentes
324 2734 546 2810 baptizarentur
559 2734 592 2791 in
606 2739 636 2791 te
650 2733 750 2790 dicens
765 2753 771 2789 :
800 2731 849 2789 Ite
867 2730 969 2788 docete
986 2750 1089 2788 omnes
1106 2739 1216 2808 gentes,

10 2830 189 2910 mptizantes
209 2831 309 2888 cosin
328 2831 447 2889 nomine
461 2827 640 2909 Patrisffiet
653 2826 807 2908 Filijfflet
823 2825 1112 2907 SpiritusffiSancti.
1147 2828 1227 2893 Eia

10 2937 94 3012 patet
103 2947 198 2986 vocem
208 2948 293 2986 acam
304 2949 391 3003 quoae
385 2927 527 3003 legendo,
536 2928 649 2987 diceas:
676 2925 752 2984 Haec
762 2926 848 2984 nobis
859 2932 1005 3002 praecepta
1015 2927 1215 2999 serventibus,

10 3043 43 3101 u,
58 3025 145 3083 Deus
158 3010 353 3101 omnipotens,
369 3027 504 3099 clemens,
519 3027 628 3098 adesto,
644 3032 678 3083 tu
699 3025 846 3102 benignus
866 3025 970 3100 aspira
1022 3024 1083 3084 Hic
1106 3026 1216 3102 aspiret

10 3121 32 3182 ln
55 3143 170 3199 uquam
190 3124 297 3181 teria
306 3125 428 3182 modum
449 3123 621 3199 trianqulif
666 3123 713 3180 Tu
733 3124 787 3181 has
808 3123 957 3198 simplices
977 3143 1069 3200 aquas
1089 3144 1140 3183 ore
1160 3131 1214 3183 tuo

10 3220 177 3295 benedicito,
196 3228 233 3280 ut
248 3229 357 3300 praeter
376 3223 544 3281 naturalem
566 3222 805 3281 emundationem
827 3241 917 3297 quam
940 3221 1076 3279 levandis
1100 3224 1215 3299 possint

10 3319 142 3378 rdhibere
165 3320 345 3397 corporibus
371 3320 433 3378 sint
459 3321 549 3378 etiam
577 3320 768 3396 purificandis
790 3320 940 3376 mentibus
963 3320 1100 3377 efficaces.
1154 3321 1215 3379 Hic

10 3433 97 3474 merea
110 3415 250 3491 liquescat
268 3416 303 3473 ire
322 3436 433 3491 aquam
452 3416 487 3473 a'rt
500 3415 619 3474 modum
633 3416 735 3487 macla,
750 3424 777 3472 et
791 3425 926 3490 porraceo·
934 3425 1036 3491 posteo
1056 3416 1090 3473 irs
1103 3437 1214 3491 aquom

10 3511 35 3570 [rt
48 3513 169 3571 necdum
182 3513 284 3572 creola.
322 3512 491 3571 Descendat
504 3512 537 3569 in
550 3512 627 3569 hanc
640 3511 858 3588 plenitudinem
872 3511 963 3569 fontia
977 3513 1075 3570 virtus
1083 3513 1213 3589 Spiritus

10 3609 54 3681 mi,
80 3615 235 3686 totamque
261 3610 352 3687 hujus
372 3629 456 3686 aquae
480 3609 678 3667 substantiam
707 3609 902 3684 regenerandi
923 3608 1062 3666 secundet
1095 3609 1211 3668 effectu.

10 3705 63 3766 ffio
83 3706 218 3764 omnium
238 3713 425 3783 peccatorum
445 3704 566 3763 maculae
587 3703 765 3763 deleantur:
797 3703 846 3762 hic
866 3711 974 3762 natura
994 3705 1032 3762 ad
1052 3705 1212 3780 imaginem

10 3822 84 3862 mam
104 3804 225 3862 condita
244 3804 330 3861 etad
351 3803 491 3861 honorem
511 3803 558 3860 sui
578 3801 738 3860 reformata
757 3800 898 3878 principii
919 3801 1033 3860 cunctis
1053 3801 1213 3859 vetustatis

10 3898 188 3975 qualoribus
204 3899 392 3972 emundetur,
407 3905 443 3955 ut
456 3898 552 3956 omnis
572 3897 660 3956 homo
674 3897 730 3955 hoc
747 3903 964 3954 sacramentum
981 3896 1212 3973 regenerationis

10 4015 150 4072 ngressus
172 3997 205 4054 in
221 4016 299 4055 verae
315 3997 494 4054 innocentia
511 4015 619 4054 novam
635 3995 794 4053 infantiam
810 3999 990 4052 renascatur.
1034 3992 1093 4050 Per
1109 3993 1212 4051 Domi·

10 4113 72 4151 mm
86 4099 232 4164 nostrum,
248 4092 270 4151 J
272 4112 354 4150 esum
369 4091 531 4165 Christum,
547 4091 660 4149 Filium
674 4097 771 4163 tuum,
786 4090 839 4166 qui
852 4096 953 4146 tecum
967 4087 1046 4145 vivit
1059 4093 1091 4145 et
1104 4094 1211 4166 regnat

10 4209 30 4247 n
44 4188 163 4247 unitate
177 4189 310 4265 ejusdem
324 4187 458 4265 Spiritus
479 4189 584 4248 Sancti
597 4188 681 4246 Deus
702 4206 755 4265 per
775 4185 876 4244 omnia
892 4183 1001 4242 secula
1022 4185 1208 4245 seculorum.

10 4287 108 4343 tmen.

345 4383 855 4456 ·uss.-··anarma,afi9mw.··
