2768 4852
137 378 180 451 78
529 372 705 460 Eaeequioe
726 373 954 443 Mortaorroa

198 557 378 635 napata.

210 855 501 932 Com-pla-oe·at
546 854 649 925 ti-bi,
677 854 931 927 Do·mi-ne‚ut
976 875 1147 915 e·ru·as
1173 875 1241 916 me:
1264 856 1325 917 Do·

427 1058 735 1093 -'¹-¹-'-
761 1060 1067 1093 .-Ι

180 1224 298 1294 mi-ne‚
324 1222 362 1281 ad
397 1222 702 1298 adju-vandum
728 1242 776 1281 me
816 1223 1012 1300 re·spi·oe

201 1388 381 1464 Antiphone.

226 1687 289 1746 Sa-
303 1707 351 1759 na,
370 1684 560 1744 Domi-ne.
798 1643 1345 1795 Q

890 1816 1290 1916 n-v-o-r-A-la

202 1909 342 1968 Prolatus
355 1910 410 1987 (xl.
415 1910 432 1987 )

203 2006 325 2079 Beatus,
340 2007 392 2083 qui
406 2005 550 2083 intelligit
563 2024 652 2081 super
665 2024 789 2082 menum
804 2010 836 2063 et
849 2024 1025 2083 pauperem:
1045 2006 1079 2065 in
1092 2006 1142 2067 die
1156 2007 1237 2067 mela
1248 2006 1344 2068 ubera

144 2104 190 2163 bit
202 2123 272 2162 eum
286 2104 442 2163 Dominus

204 2203 352 2261 Dominus
375 2208 529 2262 conservet
549 2221 628 2276 eum,
642 2208 673 2261 et
687 2201 819 2261 vivificet
840 2222 917 2276 eum,
931 2210 964 2262 et
983 2204 1105 2264 beatum
1124 2205 1217 2266 faeiat
1236 2203 1342 2267 eumin

143 2307 239 2359 terra:
260 2305 292 2357 et
304 2318 366 2358 non
380 2301 480 2358 tradat
494 2320 562 2359 eum
575 2300 609 2358 in
622 2300 751 2359 animam
766 2300 956 2360 inimieorum
968 2302 1040 2379 ejus

203 2396 352 2456 Dominus
362 2417 448 2475 opem
458 2398 535 2456 ferat
545 2397 590 2456 illi
600 2417 689 2476 super
698 2397 808 2457 lectum
819 2398 929 2457 doloris
938 2399 1020 2476 ejus:
1036 2399 1342 2463 universumshatm

143 2494 206 2573 ejus
220 2493 345 2552 versasti
359 2494 392 2550 in
406 2493 580 2551 infirmitate
594 2493 666 2570 ejus.

204 2590 268 2667 Ego
282 2589 365 2648 dixi:
386 2589 524 2662 Domine,
539 2589 678 2648 miserere
691 2589 770 2650 mei:
791 2609 863 2649 sana
875 2589 1007 2649 animam
1026 2609 1133 2665 meam,
1148 2593 1224 2671 quia
1235 2594 1340 2673 petauri

143 2688 207 2746 tibi.

204 2784 326 2842 Inimici
339 2783 399 2842 moi
412 2783 556 2841 dixemnt
569 2782 648 2841 mala
662 2782 755 2842 mihi:
775 2783 902 2854 Quando
915 2783 1067 2859 morietur,
1079 2790 1111 2844 et
1120 2786 1234 2864 peribit
1243 2803 1334 2848 norw

142 2879 225 2953 ejusd

203 2973 245 3030 Et
266 2972 292 3029 si
313 2972 536 3049 ingrediebatur
558 2978 593 3029 ut
616 2972 738 3045 videret,
752 2991 831 3030 vana
847 2972 1044 3051 loquebatur:
1073 2994 1125 3033 oor
1146 2977 1213 3054 ejus
1233 2992 1330 3054 eoum
1377 2997 1384 3015 ¹

141 3070 225 3148 gavit
239 3069 431 3147 iniquitatem
445 3072 511 3130 sibi.

204 3169 421 3245 Egrediebatur
434 3168 521 3240 foras,
536 3175 567 3226 et
580 3168 758 3245 loquebatur
771 3168 804 3226 in
817 3167 955 3245 idipsum.

203 3265 373 3324 Adversum
388 3286 435 3324 me
449 3267 644 3325 susurrabant
656 3286 758 3326 omnes
771 3266 886 3325 inimici
899 3268 975 3326 mei:
998 3268 1159 3329 adversum
1173 3289 1222 3330 me
1240 3268 1325 3346 egis

142 3360 217 3421 bant
230 3363 310 3420 mala
323 3363 405 3422 mihi.

202 3458 338 3517 Verbum
352 3460 489 3537 iniquum
504 3461 724 3520 constituerunt
737 3460 896 3520 adversum
908 3479 975 3522 me:
997 3461 1158 3541 Numquid
1168 3458 1324 3543 quidomit

141 3574 202 3620 non
215 3554 336 3632 adjiciet
349 3563 385 3614 ut
398 3559 553 3634 resurgat?

68 3635 79 3652 '
202 3650 324 3709 Etenim
347 3652 435 3710 homo
456 3653 537 3729 paris
556 3673 638 3726 meae,
653 3653 686 3711 in
704 3674 764 3732 quo
784 3654 918 3732 speravi:
946 3655 998 3732 qui
1019 3654 1128 3717 edebat
1148 3677 1241 3738 panes
1259 3670 1325 3727 m
1378 3724 1384 3730 ¹

140 3747 343 3825 magnificavit
357 3768 446 3825 super
459 3768 507 3808 me
520 3749 800 3827 supplantationem.

201 3845 248 3904 Tu
261 3852 372 3917 autem,
388 3846 526 3919 Domine,
542 3847 681 3906 miserere
695 3849 762 3921 mei,
777 3855 808 3907 et
821 3849 964 3909 resuscita
976 3869 1023 3910 me
1035 3872 1043 3912 ε
1065 3858 1097 3911 et
1110 3855 1274 3916 retribuum
1283 3850 1320 3912 ὁ.

201 3942 240 4000 In
254 3942 310 4001 hoo
323 3942 457 4020 cognovi,
473 3944 615 4019 quoniam
627 3944 751 4003 voluisti
764 3965 830 4006 me:
851 3947 992 4025 quoniam
1014 3967 1076 4006 non
1092 3952 1240 4028 gaudebit
1254 3943 1328 4014 mim

140 4060 192 4099 eus
205 4060 289 4100 meus
302 4061 392 4120 super
404 4061 460 4101 me.

200 4139 253 4197 Me
266 4144 368 4198 autem
381 4146 504 4217 propter
516 4140 718 4200 innocentiam
738 4143 913 4220 suscepisti:
934 4150 966 4203 et
978 4145 1164 4208 confirmasti
1176 4169 1228 4212 me
1240 4151 1272 4212 in
1281 4162 1331 4211 σω·

140 4239 242 4309 speetu
256 4240 310 4292 tuo
324 4235 357 4292 in
371 4243 525 4295 eternum.

141 4424 161 4488 fi
204 4329 384 4479 {enedictua
407 4333 555 4392 Dominus
577 4334 660 4395 Deus
681 4335 776 4396 Israel
793 4356 812 4395 a
831 4338 947 4412 seculo,
961 4345 993 4399 et
1013 4358 1109 4417 usque
1132 4342 1166 4403 in
1190 4345 1331 4408 monium

162 4430 203 4496 at,
229 4427 279 4494 vat.
