2768 4852
578 773 715 869 VH.

94 1049 573 1135 BENEDIOTIONES
609 1049 821 1135 CLYPEI
859 1049 932 1132 ΕΤ
967 1046 1185 1132 BAOULI

430 1205 514 1287 AD
548 1205 854 1290 DUELLUM.

54 1673 160 1734 'ROM
188 1672 277 1732 THE
306 1672 516 1732 GLASGOW
544 1672 815 1746 PONTIFIOAL,
837 1672 1014 1732 BRfflsH
1043 1672 1241 1745 Moenum,

349 1776 431 1835 TIB.
452 1776 480 1833 Β
500 1775 596 1834 VIII.
639 1776 738 1835 Omen
757 1792 818 1835 nn.
843 1776 929 1834 1180.

97 1946 159 2005 lei
170 1945 287 2004 Psalmi
299 1945 433 2004 ᾱὶσιιιιιιι
446 1965 533 2021 super
544 1945 688 2004 hominem
695 1954 917 2023 peccaturum:

98 2028 183 2085 Deus
196 2027 229 2083 in
243 2026 426 2102 adjutorium
440 2025 549 2104 (leto.)

98 2107 278 2164 Beuedicsm
292 2106 456 2163 Dominum
471 2105 611 2183 (miii.)

97 2186 121 2245 J
122 2187 218 2257 udics,
233 2186 371 2257 Domine,
386 2191 526 2243 nocentes
539 2205 586 2243 ms
600 2185 733 2262 (mmo.)

98 2266 161 2336 Qui
175 2265 322 2342 habitat(
356 2265 384 2341 .)

97 2345 276 2425 Synzbolum,
321 2344 498 2421 Quicunque
512 2345 587 2404 vult.

97 2426 207 2483 Preces.

98 2505 149 2562 Ne
163 2503 369 2563 reminiscaris.

98 2584 197 2660 Kyrie
211 2583 339 2659 eleyson.

98 2664 191 2722 Peter
204 2671 314 2722 noster.
355 2662 397 2720 Et
410 2681 456 2720 ne.

97 2744 237 2817 Domine,
251 2762 312 2800 non
326 2742 489 2800 secundum
502 2747 621 2819 peccate
633 2746 736 2800 nostro
748 2741 838 2800 facias
851 2742 944 2801 nobis
1005 2757 1010 2767 ·

98 2822 238 2895 Domino,
252 2842 291 2881 ne
303 2821 473 2879 memineris
486 2822 682 2899 iniquitatum
696 2828 873 2881 nostrerum.

97 2902 221 2979 Adjuvs
234 2922 298 2975 nos,
313 2902 396 2959 Deus
410 2901 548 2959 solutoris
562 2912 670 2960 noster.

98 2982 223 3041 Salvum
237 2983 284 3040 fac
297 3000 417 3039 servum
430 2986 527 3054 tuum,
542 2982 680 3039 Domine.

97 3061 192 3121 Mitte
202 3063 239 3135 ei,
256 3061 394 3134 Domine,
410 3062 556 3118 auxilium
571 3061 607 3119 de
621 3067 731 3120 sancto.

98 3141 173 3201 Esto
187 3145 224 3216 ei,
239 3143 377 3212 Domine,
391 3142 485 3199 turris
503 3141 695 3201 fortitudinis.

97 3221 170 3280 Non
183 3223 294 3280 timebo
308 3220 402 3279 millio
414 3221 524 3297 populi

98 3301 287 3374 Convertere,
303 3301 441 3374 Domine,
455 3319 549 3377 usque
562 3320 630 3376 quo.

97 3380 236 3453 Domine,
250 3381 359 3440 exaudi
371 3381 533 3439 orationem
548 3400 652 3438 meum.

97 3460 246 3519 Dominus
258 3462 420 3519 vobiscum.
462 3461 595 3519 Oremus.

98 3539 201 3600 Oratio
213 3560 301 3617 super
314 3549 428 3599 scutum
441 3549 468 3599 et
481 3540 624 3597 baculum.

97 3619 179 3679 Deus
193 3621 388 3697 omnipotens,
403 3621 456 3695 qui
475 3620 630 3692 mundum,
644 3625 670 3677 et
683 3628 773 3677 celcra
786 3626 821 3676 ut
833 3637 933 3695 ιιιρνα,
944 3641 972 3698 p.
991 3623 1056 3680 103.

95 3699 237 3760 Sacerdos
249 3702 297 3759 det
308 3701 336 3760 ei
348 3710 464 3758 ecorum
476 3700 574 3758 dicens
587 3720 596 3761 .·

95 3780 209 3858 Accipe
222 3782 277 3840 hoc
290 3787 415 3852 scutum,
430 3787 457 3838 ct
470 3789 560 3839 cetera
572 3787 606 3835 ut
619 3796 719 3854 ειφια,
734 3796 765 3853 p.
778 3776 843 3835 106.

97 3860 186 3919 Dans
198 3861 335 3920 baculum
348 3860 448 3920 dicct:

93 3940 207 4018 Accipe
220 3941 300 3999 hunc
313 3940 459 4011 baculum,
474 3947 500 3998 et
514 3948 604 3998 cetera
617 3946 650 3996 ut
663 3957 755 4013 supra
767 3936 882 3995 ibidem.

82 4018 193 4158 lSuper
212 4023 404 4099 accipientem.
447 4019 636 4078 Oonsurtator
656 4026 686 4076 ct
706 4017 917 4092 corroborator,
933 4028 959 4077 et
980 4029 1069 4078 cetera
1082 4027 1116 4077 ut
1136 4037 1235 4095 aspra,

51 4104 65 4145 ’·
100 4099 148 4159 07.

94 4179 182 4240 Dens
195 4181 243 4240 illi
256 4179 484 4241 benedictiorem.
528 4178 710 4250 confortare,
725 4185 751 4236 et
764 4185 855 4236 cetera
869 4187 1008 4256 utsupra
1022 4179 1135 4239 ibidem.
