2768 4852
400 335 746 405 Manuaiecdueum
759 336 895 405 Sarum.
1187 339 1248 401 21·

57 507 152 566 'dium
161 512 261 579 tuum,
272 510 509 582 temperatorem
521 502 686 563 hominnm.
728 504 790 574 Qui
799 510 898 563 tecum
909 504 986 562 vivit
996 511 1028 563 et
1040 511 1146 582 regnet
1156 503 1249 576 Deus,

69 597 240 727 e“Omittamus
285 666 396 727 Orutio.

97 748 240 826 Respice,
253 747 393 820 Domine,
412 747 450 804 dc
469 745 557 818 celis,
578 752 610 803 et
629 743 800 825 beneffidic
820 747 1047 804 conventionem
1068 749 1165 804 istam.
1209 747 1252 804 Et

57 836 117 888 cut
138 829 250 886 misisti
271 833 406 886 sunctum
428 827 566 903 angelum
588 833 677 885 tuum
698 825 882 902 Bephselem
901 828 939 884 ud
959 828 1083 885 Tobiam
1097 836 1129 884 et
1146 831 1251 885 Sarum

57 910 133 968 liam
155 908 318 985 Ragnelr's:
339 908 384 966 its
403 906 544 985 digneris,
564 906 703 978 Domine,
723 907 845 964 mittere
864 905 1251 987 benev14dictionemtusm

57 1009 131 1068 uper
152 989 228 1048 istos
248 989 462 1047 adolescentes:
490 988 582 1045 utin
602 995 657 1045 tue
677 987 834 1044 voluntate
861 996 1062 1064 pemanmnt,
1084 997 1116 1046 et
1138 989 1169 1045 in
1199 996 1253 1046 tus

57 1071 201 1129 ecaritate
222 1071 393 1145 persistunt,
421 1075 453 1126 et
478 1069 513 1125 iu
538 1087 639 1126 umore
662 1074 716 1125 tuo
736 1068 845 1125 vivunt
865 1077 897 1126 et
917 1080 1079 1142 senescent,
1106 1077 1143 1126 ut
1168 1069 1251 1146 digni

57 1159 132 1227 tque
160 1151 276 1227 pacifici
300 1150 377 1208 fient
399 1156 431 1207 et
457 1148 697 1225 multiplicentur
722 1149 755 1206 in
782 1148 1000 1225 longitudinem
1026 1152 1150 1209 dierum
1193 1149 1254 1207 Per

57 1231 196 1290 thristm
211 1231 376 1290 Dominum
390 1236 534 1289 nostrum

104 1312 242 1371 Oremus.
285 1311 395 1370 Oratio.

104 1393 240 1468 Respice,
263 1391 402 1462 Domine,
424 1391 572 1468 propitius
591 1409 682 1467 super
702 1390 782 1448 hunc
802 1390 947 1448 famulum
970 1400 1066 1462 tuum,
1085 1392 1199 1467 respice,
1221 1399 1252 1449 et

57 1492 132 1550 uper
148 1473 225 1531 huno
244 1472 386 1530 furnulum
406 1478 499 1543 tunm,
521 1473 634 1547 respice,
652 1477 688 1530 ut
707 1471 741 1527 in
757 1472 877 1529 nomine
896 1478 950 1529 tuo
969 1470 1252 1552 beneffedietionem

57 1555 190 1612 aelestem
203 1552 358 1629 accipiunt,
379 1560 410 1611 et
423 1552 500 1610 filios
520 1552 650 1610 filiorum
670 1572 791 1609 suorum
813 1562 845 1610 et
865 1553 993 1610 tiliarum
1016 1574 1137 1610 suarum
1159 1573 1253 1630 usque

57 1654 77 1692 n
100 1635 223 1692 tertium
250 1642 282 1692 et
306 1640 443 1711 quartem
471 1634 641 1710 progeniem
664 1633 829 1690 incolumes
852 1634 982 1706 videant,
1007 1641 1039 1691 et
1062 1636 1095 1690 in
1118 1642 1172 1692 tus
1195 1633 1256 1691 vol-

57 1723 152 1853 sstetc
176 1721 377 1792 perseverent,
403 1721 434 1772 et
459 1714 492 1771 in
515 1714 619 1771 futuro
641 1714 680 1771 ud
704 1713 832 1772 caelestia
855 1733 946 1792 regne
968 1716 1151 1792 perueniant.
1196 1714 1256 1772 Per

57 1830 69 1854 a
91 1797 210 1854 l'issillm.

104 1876 220 1934 Deinde
234 1874 381 1934 benedicat
394 1895 440 1934 ece
452 1875 552 1933 dicens
560 1899 570 1934 :

106 1958 243 2017 Oremus.
287 1955 399 2016 Oratio.

104 2038 305 2116 Omnipotens
319 2037 500 2114 sempiterne
515 2036 606 2108 Dens,
618 2035 672 2112 qui
682 2036 793 2114 primos
808 2045 955 2114 parentes,
966 2047 993 2095 et
1003 2048 1093 2096 cetera
1108 2047 1257 2114 utsupra,

57 2139 73 2176 ι.
89 2118 139 2178 29.
794 2123 800 2130 ’

105 2199 242 2258 Oreum

103 2277 317 2359 Beneffidieut
343 2297 396 2336 vos
423 2278 507 2336 Dens
530 2278 718 2354 omnipotens
745 2280 826 2336 omni
853 2277 1106 2357 beneffldictione
1134 2277 1253 2348 celesti,

57 2361 211 2438 efficiatque
231 2379 284 2418 vos
304 2359 408 2436 dignos
427 2359 461 2415 in
480 2367 640 2435 conspectu
660 2378 734 2416 suo:
755 2360 976 2437 superabundet
989 2359 1021 2415 in
1038 2358 1120 2414 vobis
1133 2358 1255 2415 divitius

57 2442 148 2515 :ratim
167 2461 238 2512 sure,
251 2447 284 2499 et
302 2440 420 2498 eruditu
440 2458 494 2497 vos
517 2440 551 2496 in
573 2441 666 2497 verbo
685 2441 832 2509 veritatis,
846 2446 881 2497 ut
903 2441 931 2496 ei
951 2457 1071 2514 corpore
1092 2440 1204 2513 puriter
1223 2446 1255 2496 et

57 2528 144 2580 nente
157 2521 338 2599 complacere
350 2521 483 2578 veleatis
526 2520 585 2578 Per
598 2520 763 2578 Dominum
776 2528 919 2577 nostrum.

103 2602 217 2661 Finitis
238 2601 419 2661 οταιίοιιὶὸιιι
439 2621 505 2676 quc
526 2601 699 2660 dicebantur
719 2621 807 2677 cuper
827 2620 873 2658 ece
888 2608 1052 2675 prostratos
1065 2600 1106 2656 ad
1124 2600 1253 2673 pradum

57 2681 150 2742 itatis
157 2705 170 2753 ;
191 2692 217 2742 et
229 2683 407 2741 introductis
418 2682 480 2740 iliis
492 2682 527 2739 iu
535 2682 758 2758 presbyterium,
772 2680 878 2740 seilicet
890 2682 968 2738 inter
980 2679 1099 2737 ciorum
1110 2689 1136 2736 et
1150 2679 1251 2751 altare,

57 2784 75 2821 c
83 2773 172 2839 parte
184 2763 321 2822 Ecclesia
333 2763 469 2836 australi,
484 2771 635 2821 ustulata
652 2762 772 2822 mulene
785 2782 806 2821 a
819 2762 929 2819 deutris
941 2761 1009 2832 oiri,
1024 2760 1162 2831 uidelicet,
1178 2761 1254 2818 inter

57 2864 142 2921 psum
155 2853 183 2903 et
195 2844 297 2916 altare,
311 2845 476 2921 incipiatur
490 2842 632 2917 Officium.

104 2925 269 2989 Benedicta
281 2927 322 2983 sit
335 2931 438 2983 sancte
450 2924 590 2982 Trinitas

103 3005 147 3064 In
160 3015 285 3082 tempore
299 3005 576 3080 Pcectalifiuiatur
587 3004 640 3064 hoc
652 3006 738 3063 niodo
747 3029 757 3064 .·
777 3004 929 3082 Alleluyu
942 3005 1078 3080 alleluya»

102 3086 251 3145 Paulinus
295 3086 511 3145 Benedicumus
524 3086 645 3144 Patrem
659 3093 690 3144 et
704 3085 815 3143 Filium
830 3106 897 3144 cum
912 3087 1021 3145 Sancto
1035 3086 1158 3164 Spiritu.

102 3166 177 3226 Non
189 3168 309 3226 dicatur
320 3167 453 3225 ulterius.
489 3167 596 3244 Kyrie,
609 3187 675 3226 cum
688 3167 751 3225 sau
763 3168 892 3227 ocreibm
905 3169 1029 3226 dicmur.
1065 3169 1118 3225 Ad
1127 3168 1253 3227 Missam

57 3257 172 3308 utetur
189 3250 294 3308 modus
313 3258 339 3307 et
360 3249 431 3307 ordo
446 3268 504 3325 per
523 3248 626 3307 munic
641 3248 716 3306 sicut
733 3248 768 3305 in
784 3248 962 3325 Dupluibtu
974 3250 1069 3309 Fertne
1083 3249 1135 3308 hoc
1147 3251 1252 3309 niodo:

57 3329 149 3388 lloria
162 3330 196 3387 in
208 3329 336 3388 excelsis
346 3329 419 3387 Deo.

102 3409 174 3470 Ista
187 3411 255 3469 duc
270 3410 424 3470 Orationes
442 3418 588 3486 sequentes
607 3410 748 3468 (inanem
760 3411 813 3470 sub
826 3432 896 3486 uno,
911 3412 1055 3471 Oremus:
1077 3421 1102 3469 et
1116 3411 1168 3470 erili
1181 3431 1251 3483 uero,

57 3492 105 3551 .'er
117 3491 292 3550 Dominum.

106 3571 305 3649 Omnipotens
318 3572 497 3648 sempiterne
511 3572 603 3644 Dens,
618 3571 671 3650 qui
684 3572 803 3645 dedisti,
818 3583 845 3631 et
858 3583 949 3632 cetera
962 3583 996 3632 ut
1010 3593 1110 3649 supra,
1126 3592 1153 3649 p.
1170 3573 1217 3631 29.

104 3652 180 3710 Alia
194 3652 305 3712 Oratio
348 3653 469 3710 Exaudi
482 3671 546 3722 nos,
560 3661 586 3710 et
600 3662 691 3712 cetera
705 3664 855 3728 utsupra,
869 3655 984 3713 ibidenr.

105 3732 157 3791 Ad
170 3731 340 3792 Corinthios
354 3734 383 3812 (1
399 3734 437 3791 oi
456 3733 569 3810 15-20.)
612 3733 742 3807 Fratres,
756 3734 885 3792 nescitis.

108 3813 246 3872 (tradate
289 3814 469 3873 Benedictus
483 3834 523 3886 es,
538 3823 565 3872 et
578 3824 671 3875 cetera
683 3825 718 3873 ut
730 3834 830 3891 uipra,
846 3834 873 3890 p.
891 3815 937 3871 30.

57 3895 81 3954 V.
107 3894 289 3952 Benedicite.

104 3973 179 4034 Non
191 3984 340 4052 repetatur
354 3975 483 4035 Gradde
495 3976 531 4035 iu
544 3976 648 4036 Misere
661 3975 860 4053 Sporualium.

104 4055 256 4133 Alleluye.

57 4137 79 4197 ⁷.
104 4136 287 4196 Benedictus
299 4156 338 4196 es.

104 4216 148 4276 Iu
161 4227 285 4295 tempore
298 4215 439 4277 Pceciaii
448 4217 503 4275 erit
516 4219 675 4277 seeundum
684 4216 827 4291 Alleluya
836 4236 932 4275 unum
943 4235 978 4275 eu
987 4214 1052 4274 istie
1062 4215 1253 4292 inunitae,

57 4298 197 4376 llleluys.

57 4381 80 4441 7.
105 4379 217 4440 Nonne
237 4399 288 4438 oor
306 4382 444 4438 nostrum
464 4377 570 4438 uidens
589 4384 655 4439 crat
675 4379 709 4437 in
729 4378 816 4437 nobis
834 4379 871 4438 de
890 4380 974 4451 Jesir,
989 4376 1060 4437 dum
1083 4379 1256 4457 loqueretur

57 4461 130 4522 tobis
143 4463 176 4520 in
190 4461 250 4532 vie,
264 4459 405 4534 alleluya.
