2768 4852
171 281 212 343 90
574 275 776 343 intentatio
796 275 968 362 Defuncti.

231 457 257 514 Ο
272 456 409 529 Domine,
425 456 541 514 salvum
560 477 609 515 me
628 457 683 528 fae,
699 458 726 516 Ο
741 457 878 531 Domine,
893 459 968 516 bene
988 477 1179 536 prosperare:
1198 455 1336 515 benedictn

170 554 223 628 qui
236 553 320 611 venit
333 554 366 609 in
379 553 499 610 nomine
513 553 645 612 Domini.

230 647 444 706 Benediximus
467 648 552 705 vobis
575 649 612 706 de
635 648 724 707 domo
751 649 894 709 Domini:
926 652 1008 709 Deus
1032 650 1190 722 Dominus,
1215 658 1245 708 et
1265 646 1340 707 illuxit

170 744 263 802 nobis

231 838 401 897 Constitute
414 838 493 897 diem
506 840 679 899 sollemnem
691 841 724 899 in
737 843 900 913 condensis,
914 863 1008 919 usque
1021 843 1059 901 ad
1072 863 1165 901 cornu
1178 843 1280 901 altaris
1375 870 1378 937 1

230 935 314 993 Deus
327 955 409 993 meus
422 941 510 1007 estu,
526 940 557 993 et
570 935 732 992 confitebor
744 934 819 993 tibi:
840 935 922 993 Deus
936 955 1018 993 mens
1031 955 1063 992 es
1076 942 1121 1006 tu,
1136 943 1168 992 et
1181 935 1306 994 exaltabo
1316 939 1344 989 ta
1376 942 1378 969 ³

230 1032 401 1090 Confitebor
414 1031 480 1103 tibi,
495 1031 636 1107 quoniam
649 1030 799 1089 exaudisti
811 1049 858 1089 me
869 1052 876 1089 :
897 1038 928 1089 et
940 1031 1036 1089 factm
1049 1051 1081 1089 es
1094 1031 1170 1088 mihi
1187 1032 1220 1089 in
1235 1031 1345 1089 eduam

229 1127 419 1186 confitemini
440 1126 578 1198 Domino,
593 1127 733 1202 quoniam
753 1127 866 1185 bonus:
887 1127 1028 1201 quoniam
1047 1127 1081 1184 in
1101 1127 1242 1185 naculum
1260 1124 1348 1184 miseri·

169 1224 269 1282 cordia
282 1225 352 1300 ejus.

229 1319 377 1396 Requiem
391 1325 539 1376 aetemam.

229 1460 408 1536 Actaeam.

249 1732 491 1807 A·pe-ri·te
538 1730 615 1787 il·li
669 1730 1061 1821 por-tusjusjti-ti-ae:
1093 1730 1332 1807 ingres-ausin

168 1928 1358 2065 Μ

172 2162 174 2166 ¹
221 2112 314 2149 eus
347 2094 646 2151 eon-fi-te-e-tur
687 2092 919 2152 Do·mi·n0:
943 2092 1132 2170 haepor-ta
1166 2094 1343 2164 Domi-ni,

167 2300 835 2430 Q

203 2463 310 2539 jus-ti
352 2462 555 2518 inam-bunt
592 2462 624 2516 in
679 2479 781 2517 e-am.

228 2617 324 2691 Kyrie
338 2616 463 2690 eleyson.
505 2614 622 2671 Christe
636 2614 761 2689 eleyson
807 2613 904 2689 Kyrie
917 2613 1042 2687 eleyson.

228 2713 317 2769 Pater
331 2717 437 2768 noster.
483 2711 615 2767 Oremus.

225 2811 287 2866 Piae
309 2808 518 2867 recordationis
540 2807 656 2877 affeetu,
673 2806 780 2862 fratres
804 2804 954 2874 carissimi,
968 2808 1277 2866 commemorationem
1296 2805 1350 2863 saei·

166 2925 230 2961 inus
251 2907 310 2961 cari
331 2907 432 2972 nostri,
448 2923 535 2980 quem
557 2903 704 2959 Dominus
726 2903 762 2958 ‹le
784 2901 932 2977 ergastulo
954 2901 1044 2976 hujus
1066 2903 1167 2960 saeculi
1190 2903 1348 2980 assumpsit,

165 3002 348 3056 obsecrantes
383 2999 611 3056 miscricordiam
647 2998 704 3054 Dei
731 2997 833 3066 nostri,
863 3003 898 3053 ut
924 2997 987 3072 ipse
1015 2997 1042 3055 ei
1069 3000 1202 3058 tribuere
1230 3002 1346 3076 dignetur
1374 3070 1378 3075 Ι

164 3095 309 3170 placidam
331 3101 361 3149 ot
383 3096 513 3168 quietam
534 3094 918 3174 mansionem,etre1nittat
938 3113 1039 3151 omncs
1053 3095 1176 3154 lubricae
1190 3089 1344 3154 amentatis

164 3192 347 3258 alienasset
366 3209 501 3247 concessa
525 3193 612 3248 vena
634 3191 728 3266 plenae
750 3191 951 3267 indulgentiae,
967 3191 1111 3266 quicquid
1133 3194 1165 3250 in
1186 3193 1241 3250 hee
1260 3185 1342 3248 sacul⁰

164 3283 282 3364 proprio
298 3289 343 3345 vel
357 3288 452 3345 alieno
466 3294 550 3345 reatu
572 3286 706 3360 deliquit,
721 3293 820 3343 totum
846 3286 989 3343 ineffabili
1011 3286 1122 3362 pietate
1135 3309 1170 3346 ae
1183 3285 1341 3364 benignitate

163 3408 216 3444 sua
230 3388 326 3445 deleat
339 3393 370 3444 et
383 3389 539 3461 abstergat.
585 3385 645 3454 Qui
658 3384 736 3442 vivit
749 3392 780 3442 ot
793 3391 897 3461 regnat
918 3405 985 3442 cum
1007 3385 1074 3442 Deo
1096 3385 1187 3442 Patre
1204 3384 1236 3441 in
1249 3380 1340 3439 unittlt

164 3485 293 3558 Spiritus
308 3484 416 3542 Sancti.
462 3484 520 3538 Per
533 3482 633 3539 omnia
647 3482 753 3539 saecula
766 3483 948 3540 saeculorum.
990 3483 1098 3539 Amen.

223 3637 402 3712 Antiphone.

250 3907 529 3983 In·gre-di-ar.
815 3854 1338 4010 Q

906 4031 1030 4087 E-v-
1049 4030 1075 4089 0
1094 4030 1246 4087 -v-A-
1263 4026 1293 4085 E

222 4131 361 4190 Psalmas
374 4131 462 4210 (alt)
1204 4203 1209 4211 Ι

221 4226 475 4294 Quemadmodum
494 4226 641 4285 desiderat
664 4246 768 4285 cervus
788 4228 826 4286 ad
847 4228 943 4285 fontes
963 4244 1125 4303 aquarum:
1149 4225 1194 4283 ita
1214 4217 1339 4284 desidunt

160 4317 259 4377 anima
271 4340 337 4380 mea
350 4325 388 4383 ad
402 4331 442 4397 te,
460 4325 549 4383 Deus
