2768 4852
449 326 626 414 Basequioe
646 326 874 394 Mortuomm.
1225 326 1268 395 73

138 509 300 589 laeum.

90 618 1269 777 ᾖ

127 799 298 859 Delio-ta
333 800 568 877 juven-tntis
602 820 692 859 mo-se
737 808 769 861 et
809 801 1074 880 ig-no-mn-ti-os
1126 819 1236 859 mcc-aa

100 1208 136 1249 na
168 1188 463 1261 me-mi-ns-ris,
514 1189 718 1250 Domi-ne.

118 1382 300 1459 Antiphona.

120 1656 246 1715 cre-do
288 1655 396 1713 vi-‹le
414 1689 425 1700 ·
443 1674 482 1713 ro.
657 1589 1269 1752 Q

738 1796 994 1856 u-v-0-v
1027 1831 1038 1841 ·
1069 1797 1100 1854 A
1128 1831 1138 1840 ·
1166 1796 1200 1854 Ε.

115 1876 260 1936 Palmae
271 1876 387 1955 (acci)

114 1975 269 2035 Dominus
281 1974 464 2035 illuminatio
477 1994 544 2034 mou
556 1981 589 2035 et
601 1974 682 2033 salus
695 1994 771 2045 mea,
786 1994 875 2052 qucm
888 1974 1001 2033 timebo
1012 1976 1024 2033 l

117 2072 270 2132 Dominus
282 2078 433 2151 protector
445 2073 517 2132 vitos
531 2092 614 2144 moa,
629 2092 647 2131 a
661 2092 721 2150 quo
734 2072 908 2149 trepidobol

116 2158 202 2228 Dum
214 2169 395 2247 appropiant
407 2188 498 2246 cuper
511 2188 559 2227 me
572 2174 722 2239 nocentes,
737 2173 773 2226 ut
785 2168 877 2227 edam
889 2186 991 2226 comes
1005 2187 1093 2228 meas.

117 2266 182 2338 Qui
193 2264 345 2327 tnibulant
356 2284 404 2326 mo
418 2265 534 2325 inimici
547 2264 614 2337 mei,
628 2265 687 2343 ipsi
701 2264 845 2323 infimati
857 2272 937 2337 sunt,
953 2270 984 2323 et
997 2265 1173 2324 ceciderunt.

117 2361 153 2423 Si
165 2362 333 2421 consistant
345 2360 502 2421 adversum
517 2381 564 2420 me
577 2367 683 2433 castra,
699 2380 760 2419 non
774 2360 895 2419 timebit
908 2380 959 2419 cor
971 2380 1080 2419 meum.

118 2458 153 2519 si
167 2466 310 2537 exsurgat
322 2458 481 2518 adversum
495 2477 544 2517 me
557 2457 703 2536 pralium,
718 2458 751 2515 in
765 2458 820 2515 hoc
834 2477 888 2533 ego
901 2457 1034 2533 sperabo.

118 2556 223 2616 Unam
237 2556 312 2633 potii
322 2575 340 2614 a
350 2555 492 2629 Domino,
503 2555 580 2614 hauc
593 2556 741 2633 requiram
745 2599 753 2627 ,
765 2561 802 2612 ut
815 2553 981 2611 inhabitem
994 2552 1028 2609 in
1042 2551 1129 2608 domo
1144 2546 1268 2607 Domini

71 2652 197 2713 mnibus
209 2652 315 2711 diebus
328 2652 398 2711 vita
412 2671 493 2712 meac,

120 2747 169 2808 Ut
183 2748 300 2807 videam
313 2748 498 2826 voluptatem
514 2747 647 2821 Domini,
662 2753 695 2807 et
707 2747 827 2806 visitem
842 2744 988 2822 templum
1002 2745 1074 2821 ejus

118 2845 269 2917 Quoniam
283 2845 439 2904 abscondit
452 2864 500 2904 mo
513 2845 547 2903 in
559 2844 751 2903 tabernaculo
771 2863 843 2903 suo:
863 2842 896 2900 in
911 2842 959 2899 dic
972 2841 1120 2899 malorum
1134 2839 1268 2918 protexit

71 2960 108 3001 ne
119 2942 153 3000 in
166 2941 341 3001 abscondito
355 2941 539 3000 tabemaculi
552 2941 607 2999 sui

117 3038 159 3099 In
171 3045 259 3117 petra
270 3039 420 3098 exaltavit
432 3058 499 3098 mc:
518 3044 550 3097 st
563 3057 644 3097 nuuc
657 3037 805 3097 exaltavit
818 3043 908 3115 caput
921 3056 1020 3095 meum
1031 3056 1121 3115 super
1133 3035 1269 3095 inimicos

71 3156 147 3197 ncoa

116 3234 262 3308 circuivi,
283 3243 315 3294 et
335 3234 489 3293 immolavi
512 3235 545 3292 in
570 3233 760 3293 tabernaculo
787 3235 852 3310 ejus
875 3233 1002 3292 hostiam
1027 3233 1265 3292 vociferationis:

70 3330 193 3403 anuto,
207 3338 240 3389 et
251 3330 401 3408 psalmum
413 3330 513 3389 dicam
528 3331 666 3388 Domino.

117 3426 250 3501 Enndi,
264 3426 402 3501 Domine,
417 3446 520 3487 vocem
541 3446 646 3499 meam,
661 3446 721 3504 qna
740 3425 868 3485 clamavi
882 3426 919 3485 ad
934 3432 982 3484 te:
1003 3426 1141 3485 miserem
1154 3424 1223 3494 mei,
1237 3429 1269 3481 ct

70 3523 170 3583 mandi
182 3542 240 3582 me.

116 3620 188 3679 Tibi
200 3619 281 3679 dixit
293 3639 467 3694 cormeum,
479 3619 643 3698 exquisivit
657 3626 688 3679 te
701 3619 789 3678 facies
799 3639 881 3679 mea:
902 3619 1008 3678 faciem
1021 3626 1114 3691 tuam,
1127 3618 1266 3688 Domine,

70 3717 220 3795 equinam.

116 3812 168 3873 Ne
180 3818 300 3873 avertas
312 3812 418 3873 fidem
431 3819 516 3873 tuam
530 3832 549 3871 a
562 3832 627 3871 ms:
648 3832 686 3870 ne
700 3812 829 3871 declines
842 3813 875 3870 in
889 3813 935 3869 ira
947 3832 966 3869 a
979 3831 1064 3871 servo
1078 3816 1140 3867 tuo.

116 3910 255 3988 Adjutor
274 3929 359 3969 motis
380 3918 461 3971 esto:
490 3930 528 3970 no
552 3910 740 3989 derelinquas
762 3930 818 3985 me,
834 3930 930 3986 nequo
950 3907 1093 3984 despicias
1112 3924 1169 3974 mc,
1185 3904 1268 3962 Deus

70 4008 200 4070 alutaris
212 4026 305 4067 meua

116 4104 269 4177 Quoniam
292 4110 379 4183 pater
401 4124 492 4178 meus,
518 4109 550 4163 et
572 4109 669 4162 mater
689 4123 755 4162 mea
778 4101 1003 4178 dereliquerunt
1026 4116 1091 4154 mo:
1119 4094 1268 4155 Dominus

70 4208 161 4265 utem
173 4200 337 4279 assumpsit
349 4220 406 4261 me.

113 4298 231 4375 legam
253 4315 331 4374 pone
354 4297 438 4369 mihi,
462 4296 602 4369 Domino,
622 4295 655 4354 in
673 4295 724 4353 via
745 4299 815 4352 tua:
843 4298 874 4349 et
894 4290 988 4367 dirigo
1009 4310 1056 4348 mc
1076 4290 1109 4347 in
1129 4290 1266 4349 semitam

69 4404 170 4461 actam
182 4400 308 4474 propter
320 4394 456 4455 inimicos
469 4412 558 4453 meos
