2760 4860
255 339 344 408 Ordo
366 339 414 406 ud
438 341 662 408 Visitaodum
683 343 880 429 infimum.
1127 347 1167 410 45
1231 414 1233 419 ,

122 533 232 592 Sancta
245 532 426 609 Petronells‚
440 539 475 591 tu
487 533 574 591 illum
587 533 634 610 adj
639 554 702 591 urs.

121 629 231 688 Sancta
242 629 451 700 Austreberts‚
468 636 501 687 tu
514 629 600 686 illum
613 630 660 706 adj
665 650 729 687 urs.

122 725 233 784 Sancta
246 724 352 797 nilus,
366 731 401 782 tu
415 724 501 781 illum
515 725 631 800 adjura.

121 822 232 880 Sancta
245 820 403 892 Ererildis,
417 826 453 878 tu
465 820 552 878 illurn
565 821 682 897 adjuva

119 918 229 978 Sancta
243 916 434 988 Etheldreds,
448 923 483 974 tu
496 917 583 974 illum
596 917 712 993 adjura.

119 1017 231 1075 Omnes
243 1021 353 1073 sancte
367 1014 518 1092 Virgines,
535 1034 587 1073 ros
600 1014 687 1073 illum
700 1015 847 1092 adjuvate.

121 1113 233 1171 Omnes
247 1111 358 1184 Sancti,
372 1130 426 1168 vos
438 1111 525 1168 illum
538 1111 687 1188 adjuvate.

119 1208 274 1287 Propitius
287 1215 358 1278 esto,
372 1227 459 1285 paroe
472 1207 508 1280 ei,
523 1207 660 1266 Domine.

119 1307 170 1364 Ab
183 1306 268 1364 omni
280 1305 368 1376 malo,
383 1305 567 1376 liberasum,
583 1303 721 1361 Domine.

119 1404 169 1461 Ab
183 1403 300 1460 insidiis
314 1401 434 1482 disboli,¹
449 1400 542 1459 libera
554 1420 632 1473 eum,
648 1399 784 1459 Domine

119 1500 150 1557 A
163 1498 332 1557 ramalibus
345 1496 506 1569 desideriis,
518 1496 612 1553 libera
624 1515 702 1567 eum,
717 1496 854 1554 Domine.

117 1595 169 1653 Ab
178 1594 318 1652 omnibus
326 1592 524 1651 immunditiis
532 1594 642 1652 mentis
652 1599 683 1652 ot
691 1595 829 1670 semoris,
838 1594 931 1652 libers
939 1614 1016 1667 eum,
1026 1596 1161 1654 Domine.

118 1689 148 1745 A
162 1689 263 1746 subita
276 1694 308 1746 et
321 1694 432 1746 reterns
444 1694 549 1761 morte,
564 1689 658 1747 libera
671 1708 748 1761 oum,
764 1689 900 1747 Domine.

119 1784 178 1842 Per
191 1784 368 1860 mysterium
381 1789 490 1842 saneta
504 1784 726 1842 Inonrnstionis
739 1790 808 1857 tuae,
823 1785 919 1842 libera
932 1804 1009 1859 eum,
1025 1786 1161 1846 Domine.

118 1879 177 1938 Per
190 1881 316 1939 Crucem
330 1885 362 1938 et
375 1879 545 1938 Passionem
558 1886 650 1951 tuem,
665 1880 757 1938 libers
771 1899 848 1953 eum,
864 1880 999 1940 Domine.

118 1976 177 2036 Per
189 1983 322 2036 sanctam
337 1976 594 2036 Resurrectionem
607 1983 701 2050 tuam,
716 1978 899 2049 liberasum,
914 1977 1049 2037 Domine.

116 2071 176 2131 Per
188 2072 393 2130 admirabilem
407 2072 621 2130 Ascensionem
635 2079 727 2143 tuom,
742 2072 925 2146 liberasum,
942 2073 1078 2134 Domine.

116 2171 176 2230 Per
187 2173 316 2249 gratiam
329 2171 431 2230 Sancti
445 2171 575 2248 Spiritus
588 2171 739 2243 Persoliti,
753 2171 847 2230 libers
859 2191 936 2244 eum,
952 2171 1088 2231 Domine.

116 2267 155 2326 In
169 2267 217 2325 die
226 2267 343 2343 judicii,
358 2266 451 2325 libers
464 2286 541 2339 eum,
557 2267 694 2327 Domine.

116 2363 298 2435 Peeoatores,
314 2370 344 2422 te
357 2383 493 2441 rogamus
507 2364 577 2421 audi
591 2383 653 2422 nos.

116 2462 163 2522 Ut
175 2481 244 2521 eum
257 2481 277 2519 a
296 2461 373 2520 lecto
393 2461 579 2538 egritudinis
592 2461 821 2520 misericorditer·
833 2460 965 2520 relevere
977 2459 1115 2538 digneris,
1130 2469 1161 2521 te

153 2578 302 2635 rogamus

114 2654 161 2715 Ut
174 2674 244 2714 eum
257 2674 362 2713 sanum
376 2659 408 2713 et
420 2654 597 2712 ineolumem
612 2655 749 2714 Ecclesiae
763 2661 816 2712 tua
830 2657 941 2712 sanctes
951 2661 1159 2731 representare

153 2750 293 2828 digneris,
307 2757 338 2808 te
351 2769 497 2826 rogamus.

114 2847 160 2907 Ut
172 2848 375 2906 remissionem
384 2847 516 2905 omnium
525 2852 712 2924 peccatorum
723 2867 844 2905 suorum
858 2847 885 2905 ei
896 2847 1006 2906 donare
1019 2845 1155 2924 digneris,

151 2951 181 3002 te
194 2962 342 3020 rogamus.

112 3039 160 3097 Ut
172 3059 228 3097 nos
241 3037 383 3097 exaudire
396 3037 534 3114 digneris,
549 3044 580 3094 te
593 3057 738 3114 rogamus.

112 3135 172 3192 Fili
185 3135 254 3206 Dei,
270 3141 301 3192 te
314 3154 460 3211 rogemus,
477 3134 546 3191 audi
560 3153 622 3192 nos.

110 3232 218 3309 Agnus
232 3231 299 3302 Dei,
315 3232 368 3307 qui
381 3231 463 3289 tollis
475 3236 595 3306 peemta
609 3231 723 3303 mundi,
738 3250 823 3307 parce
837 3233 874 3303 ei,
890 3233 1027 3292 Domine.

108 3328 216 3404 Agnus
232 3327 298 3398 Dei,
313 3327 366 3402 qui
380 3326 460 3384 tollis
473 3333 593 3402 peoostn
606 3328 720 3397 mundi,
732 3328 841 3384 exaudi
854 3347 930 3399 enm,
946 3330 1082 3387 Domine.
1150 3394 1153 3401 ,

108 3424 216 3500 Agnus
230 3423 298 3493 Dei,
313 3423 366 3497 qui
379 3421 460 3478 tollis
473 3428 592 3498 peooetu
605 3422 718 3495 mundi,
734 3423 871 3481 miserere
885 3425 920 3496 ei,
936 3425 1072 3483 Domine.

109 3518 228 3577 Christe
241 3518 312 3576 sudi
325 3537 387 3576 nos.

107 3615 205 3691 Kyrie
219 3614 345 3690 eleyson
390 3613 508 3671 Christe
521 3613 651 3690 eleyson.
694 3614 791 3690 Kyrie
805 3615 930 3691 eleyson.

108 3711 199 3769 Pater
212 3717 322 3768 noster.
366 3710 407 3767 Et
420 3730 457 3767 ne
472 3729 533 3767 nos.
577 3710 634 3768 Sed
648 3710 742 3768 libera
755 3730 816 3770 nos.

108 3806 232 3866 Salvum
246 3807 291 3863 iao
305 3825 424 3863 servum
438 3812 534 3877 tuum,
548 3806 677 3864 Domine
693 3829 699 3864 ε

109 3903 191 3961 Deus
206 3922 297 3975 meus,
314 3908 482 3979 sperantem
496 3902 528 3958 in
542 3909 580 3959 te.

107 3999 298 4072 Convertere,
313 3999 451 4070 Domine,
467 4017 652 4075 usquequo:

107 4094 148 4152 Et
161 4094 354 4171 deprecabilis
366 4099 430 4151 esto
443 4112 532 4169 super
544 4113 664 4151 servum
679 4099 773 4150 tuum.

105 4190 198 4249 Mitte
211 4190 253 4262 ei,
269 4190 406 4262 Domine,
422 4188 568 4248 auxilium
582 4190 619 4247 de
633 4196 734 4248 sancto
748 4210 755 4247 :

105 4289 147 4346 Et
159 4289 197 4346 de
211 4288 285 4345 Sion
299 4293 383 4345 tuere
396 4307 472 4347 eum.

105 4384 194 4443 Nihil
208 4384 344 4462 proficiat
357 4385 495 4443 inimicus
508 4383 541 4441 in
554 4404 605 4442 eo:
