2768 4852
368 297 762 366 Memoriudeomuihue
776 299 919 366 Sanctis.
1182 305 1246 387 203

95 487 151 545 Aa
163 483 323 544 {mitum
337 482 427 544 Obori
439 482 673 560 Reepoueorium

95 581 255 642 Terribilia
274 586 320 639 eet
338 580 420 638 loeus
439 579 497 638 iste
507 599 517 653 ;
536 579 585 637 hie
598 585 644 637 eet
662 598 724 638 non
743 578 825 638 aliud
839 579 897 637 nisi
914 579 1019 638 domus
1039 579 1099 638 Dei
1111 587 1142 639 et
1161 586 1248 658 porte

53 678 102 751 ¹nli
112 700 125 756 3
145 699 215 741 vere
229 667 339 738 etenim
352 677 502 736 Dominus
514 682 560 735 eet
571 676 606 734 in
617 677 682 739 loeo
694 677 771 751 iet03
801 677 863 735 cui
875 677 942 735 laus
955 684 1000 736 est
1014 697 1067 755 per
1079 678 1193 738 uaecula

53 776 74 841 Ζ
95 776 165 839 Vos
173 777 246 837 estis
254 776 400 853 templum
413 774 473 833 Dei
479 774 552 848 vivi,
566 779 597 832 et
607 774 736 852 Spiritus
746 775 872 833 Sanctus
891 774 1007 833 habitet
1021 776 1054 832 in
1067 775 1160 834 nobie
1188 775 1245 835 Oui

53 890 106 935 auu
118 879 173 934 eet.

99 972 205 1032 Gloria
217 971 304 1030 Patri
316 975 348 1029 et
361 969 439 1027 Filio
452 975 484 1027 et
498 969 624 1047 Spiritui
638 968 754 1028 Sancto.
798 969 855 1027 cui
868 969 933 1027 laus
948 975 1001 1028 eet

53 1066 77 1130 ’ἶ
97 1062 239 1129 Fundam
251 1071 297 1125 est
310 1066 415 1125 domus
428 1064 553 1124 Domini
565 1084 653 1142 supra
666 1065 782 1122 firmam
794 1071 919 1142 petrum.

101 1165 339 1242 Reeporuorium.

100 1262 198 1334 Quam
210 1261 313 1339 pulera
326 1279 358 1318 es
366 1266 398 1319 et
406 1260 518 1332 deeora,
529 1259 686 1331 uerissima,
696 1260 728 1316 in
738 1259 850 1317 deliciis
861 1279 871 1333 ;
894 1265 1009 1318 statura
1016 1265 1070 1318 tua
1082 1260 1245 1321 assimilata

53 1359 211 1451 &palmia
226 1364 258 1416 et
271 1358 362 1416 ubera
380 1363 433 1415 tue
452 1357 566 1429 hotris;
586 1362 675 1432 ceput
694 1362 782 1414 tuum
799 1363 835 1414 ut
853 1356 1012 1431 Carmelus,
1027 1358 1135 1416 collum
1156 1364 1243 1418 tuum

53 1462 116 1516 eut
127 1456 221 1514 turris
233 1456 371 1514 eburnea
400 1454 490 1527 Veni,
499 1453 604 1511 dilecte
614 1453 665 1525 mi,
674 1452 876 1532 ingrediamur
887 1455 920 1513 in
930 1475 1043 1533 agrum,
1052 1461 1083 1514 et
1091 1450 1243 1517 videamur

53 1597 61 1608 .
87 1553 171 1613 floreo
191 1552 307 1612 fruetus
326 1552 507 1631 parturiunt,
522 1551 549 1610 si
565 1551 731 1610 floruerunt
748 1552 827 1609 mala
848 1552 967 1630 punica
1018 1553 1068 1610 Ibi
1088 1553 1163 1611 dabo
1183 1553 1241 1611 tibi

53 1645 130 1710 bera
142 1669 216 1711 mee

99 1744 140 1805 In
153 1756 277 1823 tempore
289 1743 434 1804 Paedrnli.
477 1744 626 1822 Alleluya.

100 1844 334 1922 Responem‘ium
671 1922 675 1929 ν

98 1941 154 2001 Ibo
182 1942 221 2000 ed
247 1945 380 1999 montem
407 1939 534 2016 myrrhae
561 1945 592 1998 et
617 1940 656 1998 ad
679 1940 767 2000 eolles
791 1941 908 2014 Libani,
937 1947 968 1999 et
995 1942 1101 2018 loquer
1126 1960 1239 2018 eponae

53 2052 130 2098 aee:
153 2038 231 2097 Tota
243 2037 372 2114 speciose
384 2055 424 2109 es,
438 2037 574 2114 proxime
587 2056 661 2110 mea,
675 2049 706 2096 et
719 2039 835 2096 macula
852 2058 913 2096 non
934 2045 979 2097 est
994 2039 1027 2096 in
1046 2044 1085 2096 te.
1127 2037 1210 2096 Veni
1222 2056 1242 2096 a

53 2134 160 2211 ribeno,
180 2155 296 2214 sponsa,
312 2135 404 2209 veni;
427 2154 446 2193 a
465 2134 579 2193 Libano
599 2137 669 2194 veni
679 2155 689 2209 ;
709 2137 818 2209 venies,
841 2143 872 2195 et
892 2137 1033 2195 transibis
1050 2137 1088 2194 ad
1108 2142 1240 2195 montem
1331 2144 1334 2148 '

53 2234 103 2293 eir
113 2241 145 2294 et
158 2234 304 2306 Hermon,
318 2253 337 2291 a
349 2233 496 2292 eubilibus
508 2233 628 2292 leonum
641 2253 660 2292 a
672 2234 823 2293 montibus
836 2234 1050 2312 leopardorum,
1062 2235 1197 2312 alleluya„
1272 2222 1279 2234 ⁸

96 2331 332 2408 Reepomorirma.

97 2428 138 2487 Te
152 2429 296 2487 Sanctum
308 2427 472 2486 Dominum
482 2428 514 2486 in
528 2428 650 2487 exoelsis
662 2428 786 2487 laudant
799 2448 901 2488 omnes
914 2429 1012 2507 angeli
1026 2429 1155 2488 dieentes
1169 2451 1175 2489 :
1197 2429 1240 2489 Το

53 2531 120 2584 eret
131 2525 197 2583 laus
210 2531 242 2583 et
254 2524 358 2596 honor,
373 2523 508 2584 Domine.

53 2615 73 2679 ἶ
93 2621 244 2681 Cherubin
263 2640 381 2699 quoque
400 2627 431 2679 et
448 2621 594 2698 Seraphin
615 2622 741 2681 Sanetus
754 2622 944 2700 proclamant,
960 2628 991 2681 et
1011 2623 1107 2681 omnis
1127 2623 1240 2684 oaelituu

53 2717 106 2777 rdo
119 2719 257 2777 dioenteu
301 2718 343 2776 Te
357 2718 447 2776 decet

94 2815 198 2874 Gloria
211 2814 297 2874 Patri
309 2820 341 2872 et
354 2813 432 2872 Filio
445 2818 475 2873 et
489 2814 616 2891 Spiritui
629 2816 745 2875 Sancto.
788 2815 831 2873 Te
844 2815 942 2875 decet.

53 2907 67 2969 '.
82 2910 312 2990 (noerdotalie).
355 2911 486 2969 Michael
499 2911 680 2988 archangele,
693 2912 764 2970 veni
777 2913 809 2969 in
823 2911 870 2988 adj
875 2912 1017 2970 utorium.

94 3007 206 3070 Oratio.
273 3026 276 3031 ·

92 3107 186 3182 Deua,
196 3107 249 3184 qui
257 3107 334 3165 miro
342 3106 446 3165 ordine
454 3106 626 3184 augelorum
636 3107 835 3166 ministerium
844 3106 1059 3183 hominumque
1067 3106 1217 3183 dispenses
1228 3127 1238 3182 3

53 3205 157 3264 iuoede
169 3205 324 3282 propitius,
338 3211 374 3262 ut
387 3204 494 3281 quibus
506 3204 563 3262 tibi
572 3206 809 3263 ministrantibus
820 3207 852 3262 in
866 3205 936 3263 oaelo
950 3224 1066 3282 semper
1078 3206 1235 3282 assistitur,

53 3301 130 3360 hhie
143 3301 177 3358 in
189 3307 269 3360 term
278 3303 343 3360 vite
355 3308 457 3360 nostra
469 3302 630 3360 muniatur.
673 3301 733 3360 Per
746 3302 898 3361 Christum
912 3303 1077 3361 Dominum
1090 3311 1234 3365 nostrum.

53 3418 141 3459 umen.

368 3537 521 3596 Muaonm
540 3554 583 3597 nu
603 3554 738 3598 omnus
758 3539 894 3600 Sericus.

88 3675 141 3735 Aa
153 3676 309 3735 introitmn
321 3675 554 3754 Rerpmteorium.

88 3771 112 3832 J
112 3772 175 3831 uati
187 3773 220 3831 in
232 3778 409 3850 perpetuum
422 3774 536 3846 vivent,
550 3779 582 3832 et
594 3774 674 3851 opud
694 3774 858 3833 Dominum
872 3782 917 3835 est
938 3796 1048 3836 merces
1069 3796 1179 3850 eorum,
1194 3776 1235 3836 Et

53 3870 170 3950 >gitatio
182 3890 285 3929 eoram
298 3871 378 3948 apud
392 3871 590 3931 Altiueimum.

53 3968 63 4027 ἱ
85 3967 161 4028 Ideo
169 3968 447 4047 aoeipientreguum
456 3967 569 4027 deoorie
578 3973 609 4027 et
618 3968 754 4028 diadem
763 3970 870 4048 speciei
881 3971 918 4029 de
928 3990 1019 4029 manu
1028 3969 1159 4029 Domini
1194 3970 1236 4027 Ilt
1344 4016 1348 4021 .

53 4069 202 4237 '8¹32ss
215 4162 281 4223 lana
299 4170 331 4223 et
351 4163 454 4237 honor,
469 4164 566 4236 decue,
580 4169 711 4242 potestas
731 4170 762 4223 et
777 4165 920 4242 jubilatio
944 4165 1029 4224 Patri
1049 4171 1081 4224 et
1101 4164 1183 4224 Neto
1202 4169 1235 4233 et

53 4262 158 4342 piritni
171 4261 290 4323 Sancto.
330 4262 374 4322 Et
385 4262 535 4339 cogitatio.
810 4335 814 4341 ἡ

53 4359 59 4420 ζ
75 4358 309 4440 (menneo).
353 4358 503 4418 Mirabilis
516 4359 599 4418 Deue
611 4358 645 4416 iu
658 4357 770 4417 sanetis
784 4357 856 4416 auis.
