2768 4852
270 351 335 414 148
564 339 810 408 Dominioaa'aa
825 340 951 408 Remis
964 342 1185 411 Palaestram.

338 656 368 715 U
575 571 738 631 Domnsca
758 571 890 645 Qunam
911 571 1180 641 commensus

367 666 378 714 t
390 675 492 731 cupra.

333 752 445 813 Oratio.

332 847 475 917 Concede,
503 863 681 922 quaesumus,
709 843 898 921 omnipotens
925 845 1017 918 Deus,
1041 853 1078 904 ut
1102 846 1220 924 quiex
1242 848 1343 906 mento
1368 874 1384 896 υ

270 943 395 1004 actionis
409 943 576 1018 affligimur,
592 948 653 1001 tuas
671 941 775 1020 gantiae
795 941 996 1000 consolatione
1016 945 1205 1021 respiremus.
1248 946 1306 1004 Per
1324 945 1383 1005 Ch'

271 1039 443 1098 Dominum.

675 1193 838 1254 Donuucs
859 1211 892 1253 ns
912 1194 1075 1255 Passiosa

338 1275 376 1334 Ut
390 1295 490 1351 capra.

332 1371 444 1431 Oratio.

332 1469 516 1540 Quaesumus,
532 1467 720 1544 omnipotens
733 1467 825 1541 Deus,
841 1468 987 1527 familiam
1003 1475 1089 1528 tuam
1102 1472 1253 1550 propitius
1265 1474 1377 1551 suspice,

269 1565 414 1644 largiente
433 1571 554 1642 regatur
568 1564 599 1622 in
613 1583 743 1641 corpore,
758 1570 789 1624 et
802 1572 833 1624 te
846 1572 983 1625 servante
1004 1568 1192 1627 custodiatur
1215 1571 1247 1629 in
1269 1575 1371 1629 menta

272 1661 426 1721 Christum
441 1661 616 1718 Dominum.

600 1819 762 1879 Dommcs
784 1834 817 1877 m
838 1818 943 1878 Rama
964 1818 1152 1880 Pmusaux.

329 1971 401 2030 Post
411 1969 605 2047 aspersimacm
615 1988 700 2044 aqua
711 1966 869 2040 ceadicta,
881 1966 954 2026 dam
964 1968 1312 2047 dutribauaturpolmoe,
1323 1992 1355 2031 oa

267 2077 414 2145 aequantes
427 2066 624 2143 Antiphone:

329 2165 507 2242 Antiphone,

328 2264 420 2321 Pueri
445 2262 644 2320 Hebraeorum
665 2259 805 2318 tollentes
832 2277 929 2318 ramos
953 2258 1101 2318 olivarum
1125 2261 1328 2321 obvisvcmnt
1356 2270 1384 2313 Ι·

266 2363 429 2422 clamantes
443 2366 474 2418 et
487 2358 636 2430 dicentes;
657 2356 779 2415 Osanna
791 2357 824 2414 in
837 2356 968 2416 excelsis

329 2459 509 2535 Antilahoaa.

329 2555 420 2613 Pueri
448 2554 645 2612 Hebraeorum
669 2551 849 2609 vestimenta
871 2551 1099 2628 prosternebant
1125 2552 1159 2609 in
1179 2552 1232 2612 via
1253 2560 1286 2613 et
1307 2576 1373 2614 c1o

265 2654 415 2724 dioentcs;
455 2652 576 2709 Osanna
610 2649 672 2706 filio
707 2647 825 2706 David:
864 2647 1043 2706 Benedictus
1077 2649 1130 2724 qui
1164 2650 1250 2709 venit
1288 2651 1321 2709 in
1354 2672 1384 2709 na

267 2750 397 2809 Domini.

326 2845 504 2921 Antiphonti.

326 2944 446 3000 Osanna
468 2941 528 2997 lilio
550 2939 667 2997 David:
689 2937 870 2995 Benedictus
891 2938 942 3014 qui
964 2937 1101 2995 venitin
1124 2939 1245 2998 nomine
1266 2941 1376 2999 Domin

265 3040 376 3100 Israel:
399 3041 518 3096 Osanna
533 3038 564 3093 in
579 3036 709 3094 excelsis.

270 3137 299 3197 V.
326 3136 548 3213 (sacerdotalis).
573 3134 620 3190 Ex
634 3153 684 3191 ore
698 3133 860 3190 infantium
874 3139 905 3191 et
915 3131 1091 3190 lactentium
1104 3133 1255 3211 pessecisti
1269 3134 1383 3193 laudem

326 3233 435 3291 Oratio.

324 3332 519 3407 Omnipotens
542 3329 720 3405 sempiterne
743 3330 835 3399 Deus,
850 3329 901 3404 qui
917 3329 1079 3386 Dominum
1099 3336 1234 3386 nostrum
1252 3331 1274 3389 J
1276 3351 1357 3388 esum
1377 3338 1384 3381 Ι

262 3437 327 3488 tum
342 3429 388 3485 die
403 3446 571 3503 azymorum
586 3445 673 3501 super
687 3424 802 3502 pullum
816 3424 905 3481 asinae
922 3425 1022 3481 sedere
1035 3425 1157 3482 voluisti
1172 3445 1206 3482 ao
1220 3445 1328 3501 pucros
1342 3427 1374 3484 H

261 3546 346 3584 orum
368 3525 545 3581 vestimenta
566 3522 614 3578 vel
638 3541 734 3578 lamas
758 3521 903 3578 olivarum
927 3521 960 3576 in
985 3520 1065 3577 viam
1087 3528 1219 3578 stemma
1244 3529 1276 3580 ct
1299 3523 1377 3580 inlu

259 3622 351 3700 ipsius
373 3622 492 3678 Osanna
514 3620 575 3676 filio
597 3619 696 3674 David
716 3619 872 3675 decantare
893 3618 1038 3690 docuisti;
1060 3618 1106 3688 da,
1128 3638 1308 3694 quaesumuS,
1329 3627 1364 3677 ut

259 3720 389 3777 centium
404 3724 434 3773 ct
448 3716 565 3773 laudem
580 3715 611 3772 in
627 3714 737 3790 templo
758 3714 950 3771 clamantium
964 3722 995 3771 et
1009 3733 1111 3771 corum
1133 3716 1240 3772 merita
1254 3717 1287 3773 in
1301 3717 1382 3775 caeles

258 3815 396 3890 consequi
411 3832 584 3870 mereamur.
628 3811 687 3868 Per
702 3811 854 3868 Christum
870 3811 1042 3869 Dominum.

317 3913 431 3970 Deinde
439 3909 579 3987 procedat
593 3909 739 3967 Processio
753 3910 899 3967 actitando
913 3908 989 3968 hanc
1003 3907 1204 3984 Antiphonem
1214 3933 1224 3968 s

316 4010 399 4066 Ante
420 4027 471 4066 sex
492 4005 554 4063 dies
574 4005 781 4063 sollemnitatis
803 4005 932 4078 Paschae,
949 4006 1067 4082 quando
1082 4004 1166 4062 venit
1183 4005 1332 4064 Dominus
1346 4008 1377 4064 in

254 4110 345 4161 tatem
362 4103 561 4174 Hierusalem,
577 4108 768 4158 occurraiunt
783 4101 810 4158 ci
825 4102 917 4177 pucii,
933 4103 1010 4159 etin
1026 4101 1164 4159 manibus
1184 4103 1346 4176 portabant
1367 4125 1380 4160 r

252 4199 427 4274 palmarum,
456 4205 487 4255 ct
511 4196 679 4254 clamabant
703 4217 773 4256 voce
801 4217 909 4275 magna
932 4198 1082 4256 dicentes:
1115 4198 1236 4255 Osanna
1263 4199 1297 4256 in
1320 4221 1384 4258 exc

252 4292 440 4366 Benedictus,
477 4293 529 4367 qui
564 4292 674 4349 venisti
708 4293 740 4349 in
775 4294 970 4352 multitudine
1004 4294 1230 4353 misericordiae:
1274 4296 1384 4354 Osmm

251 4390 384 4450 excelsis.
