2768 4852
86 763 311 849 PREOES
330 765 400 847 IN
427 765 739 851 DOMINIOIS
760 767 976 852 DIEBUS
1001 764 1297 852 DIOENDAE.

342 970 493 1037 sonus
530 971 589 1038 on
625 934 823 1039 musmo
858 974 1051 1042 suarna

450 1141 498 1216 (If.
520 1161 621 1218 supro,
643 1162 691 1220 pp.
716 1144 774 1203 123
794 1144 854 1203 and
876 1145 943 1206 134.

676 1449 703 1515 1.

84 1604 214 1666 FROM
227 1605 443 1666 LEOFRIG'S
462 1606 831 1681 SAORAMENTARY,
847 1608 1074 1670 BODLEIAN
1091 1609 1299 1683 LIBRARY,

504 1712 690 1773 OXFORD.
732 1713 809 1771 Saso.
832 1713 874 1771 X.

154 1837 288 1912 Oramus,
296 1842 403 1900 fratres
417 1840 570 1915 carissimi,
581 1841 706 1900 Domini
719 1841 951 1899 misericordiam
960 1862 1015 1918 pro
1028 1842 1170 1902 fratribus
1180 1863 1214 1902 ac
1222 1864 1299 1902 soro

87 1922 176 1980 ribus
195 1923 304 1979 nostris
324 1923 363 1979 ab
382 1924 496 1980 oriente
516 1941 610 1999 nsque
630 1922 668 1979 ad
683 1920 872 1992 occidentem,
887 1928 968 1979 utet
986 1922 1033 1979 illi
1046 1930 1132 1980 orent
1144 1943 1199 2000 pro
1212 1924 1298 1982 nobis

88 2003 294 2079 unusquisque
308 2003 341 2058 in
354 2002 478 2061 diversis
492 2001 573 2074 locis,
588 2023 641 2079 per
655 2001 808 2060 Christum
822 1999 987 2059 Dominum
1000 2008 1145 2060 nostrum.

154 2082 280 2139 Oremus
299 2083 390 2140 etiam
408 2102 462 2159 pro
482 2083 599 2140 unitate
620 2082 817 2152 ecclesiarum,
838 2099 892 2156 pro
912 2081 1046 2154 infirmis,
1066 2101 1120 2158 pro
1140 2081 1295 2155 debilibus,

87 2180 145 2239 pro
163 2162 296 2237 captivis,
317 2181 370 2237 pro
389 2162 610 2238 paenitentibus,
632 2182 686 2237 pro
705 2161 918 2233 laborantibus,
932 2180 986 2238 pro
1007 2162 1226 2238 navigantibus,
1240 2182 1295 2240 pro

88 2243 150 2300 iter
166 2241 330 2318 agentibus,
345 2261 399 2317 pro
417 2242 616 2317 eleemosynas
633 2242 819 2313 facientibus,
835 2259 889 2317 pro
907 2240 1114 2299 defunctorum
1131 2242 1294 2317 spiritibus,

87 2327 123 2380 et
139 2341 192 2396 pro
219 2321 266 2378 his
289 2323 342 2397 qui
358 2341 419 2378 non
437 2323 664 2394 communicant,
686 2328 722 2378 ut
743 2321 795 2378 det
815 2321 876 2379 illis
897 2322 1049 2380 Dominus
1068 2321 1189 2398 dignam
1210 2341 1296 2399 agere

88 2402 304 2478 penitentiam,
319 2421 372 2477 per
386 2401 539 2459 Christum
553 2402 718 2459 Dominum
730 2407 874 2459 nostrum.

152 2482 278 2539 Oramus
286 2482 376 2539 etiam
387 2482 511 2539 Domini
519 2483 749 2540 misericordiam
758 2501 811 2555 pro
819 2481 973 2557 spiritibus
981 2500 1116 2539 carorum
1125 2487 1294 2539 nostrorum

87 2562 280 2638 pausantium
294 2561 347 2634 ill,
362 2568 398 2618 ut
415 2563 457 2619 eis
471 2562 618 2620 Dominus
631 2562 780 2639 placidum
800 2561 986 2637 reingerium
999 2562 1132 2619 tribuere
1145 2562 1295 2638 dignetur,

75 2647 122 2698 et
144 2641 177 2698 in
200 2641 298 2699 locum
322 2642 431 2717 quietis
455 2661 489 2700 ac
511 2641 656 2719 refrigerii
679 2647 848 2699 sanctorum
867 2659 989 2698 suorum
1012 2641 1221 2701 intercessione
1245 2660 1295 2700 eos

87 2720 259 2793 transferat,
273 2741 326 2797 per
338 2722 360 2779 J
362 2741 444 2779 esum
459 2721 611 2779 Christum
626 2721 790 2779 Dominum
803 2726 947 2778 nostrum.

151 2802 311 2859 Offerimus
333 2802 397 2871 tibi,
413 2801 541 2860 Domine
561 2803 583 2860 J
585 2821 636 2860 esu
655 2801 781 2873 Christe,
800 2800 876 2859 hanc
893 2799 1056 2859 orationem
1075 2801 1113 2859 ab
1136 2807 1205 2859 ortu
1225 2800 1295 2859 solis

85 2899 183 2957 usque
196 2881 234 2938 ad
248 2881 427 2939 occidentem
442 2902 461 2939 a
473 2883 597 2940 dextera
610 2900 703 2958 usque
716 2880 754 2939 ud
768 2880 920 2939 sinistram
929 2879 963 2938 in
973 2880 1115 2939 bonorem
1125 2887 1157 2939 et
1169 2880 1294 2958 gloriam

86 2960 259 3019 divinitatis
290 2961 404 3019 Christi
430 2968 462 3019 et
489 2962 693 3033 humanitatis,
721 2961 754 3018 in
782 2961 923 3018 honorem
950 2966 981 3019 et
1007 2960 1131 3037 gloriam
1161 2962 1295 3019 omnium

86 3041 235 3117 graduum
256 3042 426 3114 caelestium,
442 3041 619 3100 Michaelcm
638 3040 806 3100 Gabrielem
825 3040 1044 3117 archangelum,
1058 3041 1091 3097 in
1105 3042 1246 3099 honorem
1264 3047 1296 3100 et

87 3120 213 3198 gloriam
240 3121 475 3198 patriarcharum
503 3122 715 3199 prophetarum
751 3119 953 3199 apostolorum
975 3139 1010 3179 ac
1039 3127 1215 3197 martyrum
1240 3139 1294 3197 pro

90 3201 228 3259 omnibus
243 3201 409 3277 virginibus
422 3201 559 3261 fidelibus
568 3202 788 3280 penitentibus,
805 3221 859 3279 pro
872 3202 1009 3260 omnibus
1022 3200 1229 3271 matrimoniis,
1240 3219 1295 3276 pro

90 3280 177 3338 bonis
189 3300 251 3339 non
264 3281 359 3354 valde,
371 3301 425 3359 pro
438 3283 524 3341 malis
537 3302 599 3341 non
611 3283 706 3359 valde,
718 3303 772 3362 pro
785 3282 923 3342 omnibus
936 3281 1117 3342 merentibus
1131 3280 1296 3339 orationem

88 3366 121 3418 et
134 3361 373 3438 deprecationem
385 3368 526 3424 nostram.

670 3605 715 3670 ΙΙ.

122 3755 244 3816 raon
264 3758 331 3821 ns.
354 3736 546 3831 uosnnns,
568 3756 672 3816 now
692 3755 742 3813 m
763 3754 850 3813 rnn
870 3752 1115 3826 sannanim,
1137 3753 1264 3814 roan

490 3851 691 3913 minares
734 3849 809 3909 sm
831 3849 891 3908 m.

156 3980 269 4055 butan
282 4005 321 4068 pe
339 3983 500 4068 gebrbban
514 3984 577 4066 gob
598 3979 807 4063 ealmlhtrgne
821 3977 963 4062 heofena
976 3977 1194 4063 heah-cynmg
1208 3996 1228 4059 Ἰ
1246 3979 1295 4044 sca

90 4068 222 4151 (Dapran
241 4087 260 4149 Ἰ
283 4068 364 4132 ealle
382 4067 482 4153 godel
496 4066 613 4152 balgen
631 4069 710 4213 ipe
729 4067 840 4127 moton
856 4061 957 4150 gobel
973 4061 1181 4148 =relmihtigel
1196 4063 1293 4148 pillan

87 4172 257 4238 gepypcan
288 4158 330 4244 ps
361 4152 447 4238 hpile
475 4174 514 4237 pe
544 4174 586 4216 on
613 4156 660 4242 pp
685 4171 727 4212 an
754 4148 861 4212 laenan
892 4147 955 4232 hpe
983 4171 1101 4235 pumen
1132 4151 1157 4234 p
1187 4149 1232 4297 hp
1258 4148 1298 4212 us
1328 4186 1333 4195 ·

87 4239 266 4323 gehealban
295 4238 323 4302 ds
348 4238 514 4324 gescylban
542 4238 598 4322 prb
627 4234 721 4321 calpa
746 4236 870 4319 peonba
891 4234 1065 4321 costnunga
1092 4235 1207 4320 gesene
1233 4251 1294 4319 epa

87 4326 152 4387 ant
167 4323 421 4410 ungesenehcpa
464 4320 564 4385 Pater
582 4327 700 4387 noster.
