2768 4852
412 316 583 384 Maceoole
596 316 645 383 ad
657 337 763 384 osum
776 315 912 384 &rum

182 556 450 620 BDNEDIC'I'IO
471 556 606 616 PANIS
627 556 679 615 IN
699 556 934 616 DOMINIOIS
954 556 1123 616 DIEBUS.

100 703 259 781 Inprimis
266 701 411 762 Sacerdos
419 698 700 776 leqatEeonpclium
709 699 869 758 mundum
876 697 1099 773 Jotcnnempn
1106 697 1262 777 principio,

67 794 188 866 postea
200 785 283 842 duat
302 783 425 842 Versum
438 781 486 839 Sit
499 799 609 838 nomen
623 780 749 844 Domini
762 780 960 839 benedictum.

104 864 197 942 Berp.
240 864 289 922 Ex
303 863 360 921 hoc
374 869 406 921 et
419 860 562 938 usquein
575 860 724 919 socculum.

104 946 229 1006 Deinde
241 945 322 1004 dicat
335 943 379 1002 sic
388 967 399 1003 .·
420 942 571 1001 Dominus
584 940 747 1013 vobiscum,
761 949 788 999 et
802 939 937 998 Oremus.

106 1026 223 1087 Oratio.
266 1023 408 1094 Bouaria,
418 1022 559 1092 Domine,
569 1027 736 1080 creaturam
744 1022 843 1094 istam,
852 1030 878 1078 ct
892 1030 984 1079 cetera
992 1030 1027 1079 ut
1040 1041 1141 1098 sopra,
1152 1039 1179 1098 p.
1193 1020 1257 1078 103.

109 1107 198 1166 Tunc
211 1113 388 1183 ceperyctm·
399 1123 483 1180 aque
496 1102 642 1163 teedicet
656 1121 744 1178 super
751 1121 863 1178 panem
876 1111 903 1160 ct
916 1102 1121 1161 describuntur.

161 1365 426 1427 BENEDIGTIO
447 1364 573 1425 SOUTI
594 1363 648 1423 ΕΤ
668 1364 833 1423 BAOULI
855 1365 917 1422 AD
939 1365 1157 1426 DUELLUM

516 1460 790 1522 FACIENDUM.

106 1592 256 1680 Irprrimris
269 1600 349 1660 dicat
358 1600 502 1659 Sacerdos
509 1607 680 1676 prostratae
690 1608 758 1658 crete
771 1598 873 1658 Altera
887 1600 1022 1660 Pectmcs
1034 1611 1180 1678 swucntee
1189 1625 1256 1664 cum

61 1683 151 1744 llorie
163 1683 261 1755 Patri,
269 1690 444 1758 pupncturo
456 1679 577 1739 luteum
588 1681 791 1755 pcnuflcctentc
804 1690 880 1739 retro
893 1682 1073 1740 sacerdotem.

108 1763 258 1823 Psulmus.
300 1762 385 1820 Deus
398 1761 431 1818 iu
445 1760 629 1836 adjutorium
642 1759 752 1837 (trec.)

107 1844 256 1903 Psatmus.
300 1841 480 1901 Benedicem
490 1840 657 1898 Dominum
673 1840 818 1918 (ccciii.)

108 1924 256 1984 Pralmce.
299 1922 322 1982 J
322 1922 419 1994 udica,
434 1921 574 1993 Domine,
588 1926 728 1979 nocentes
741 1940 789 1978 mc
803 1921 937 1999 (miv.)

105 2004 256 2064 Pralmue.
299 2003 360 2074 Qui
372 2002 490 2061 habitet
505 2001 562 2079 (ce
567 2003 587 2079 )

107 2084 257 2145 Peslmus.
301 2083 479 2159 Quicunque
492 2082 566 2141 vult

106 2164 290 2243 Antiphon.
332 2163 382 2222 Ne
394 2162 603 2233 reminisceris,
619 2162 757 2235 Domine,
771 2162 880 2221 delicta
892 2170 1002 2223 nostra.

108 2246 208 2323 Kysis
221 2245 349 2321 eleyson.
392 2243 511 2302 Christe
524 2242 650 2319 eleyson
694 2242 792 2320 Kyrie
804 2243 931 2319 eleyson.

107 2326 202 2385 Pater
215 2331 323 2386 noster.
367 2324 409 2382 Et
421 2343 460 2383 ne
472 2342 535 2382 noa
578 2322 637 2381 Sed
650 2322 751 2382 libera.

107 2407 249 2479 Domine,
259 2424 320 2464 nou
334 2405 496 2464 secundum
509 2409 630 2481 peccata
647 2410 750 2463 nostra
762 2404 851 2462 facies
864 2404 949 2461 nobis
964 2426 970 2462 :

148 2486 257 2564 Neque
270 2486 432 2544 secundum
445 2484 622 2562 iniquitates
635 2491 752 2543 nostrus
766 2485 897 2542 retribue
911 2484 1005 2543 nobis.

106 2568 248 2640 Domine,
262 2586 301 2625 ne
313 2566 484 2624 memineris
497 2566 693 2643 iniquitatum
706 2566 875 2623 nostrarum
888 2564 1082 2642 antiquarum
1095 2588 1101 2624 ε

149 2648 219 2707 Oito
241 2647 405 2724 anticipent
419 2666 474 2704 nos
486 2646 694 2705 misericordie
708 2652 778 2719 tuse,
802 2646 874 2722 quia
896 2666 1039 2724 pauperes
1058 2648 1130 2706 facti
1149 2667 1251 2709 sumus

230 2747 327 2786 numa

106 2809 233 2885 Adjuva
243 2827 304 2881 noa
320 2807 460 2881 Domine,
474 2806 614 2866 salutarie
627 2812 728 2866 noster
740 2828 748 2879 3

148 2889 191 2947 Et
210 2895 333 2966 propter
352 2889 477 2966 gloriam
490 2888 619 2945 nominis
635 2888 691 2959 tui,
715 2889 852 2961 Domine,
867 2889 960 2948 libera
979 2909 1042 2963 nos,
1057 2898 1088 2948 et
1102 2891 1249 2968 propitius

229 2979 293 3027 esto
306 2971 432 3046 peccatis
445 2969 555 3027 nostris
567 2975 690 3046 propter
702 2988 810 3027 nomen
823 2977 918 3028 tuum.

106 3049 232 3110 Salvum
245 3048 292 3107 fac
305 3069 423 3109 servum
437 3055 523 3108 tuum
538 3070 544 3106 :

149 3130 233 3189 Deus
246 3149 337 3203 meus,
352 3136 521 3206 sperantem
534 3130 567 3186 in
581 3136 620 3186 te.

106 3210 201 3270 Mitte
214 3211 250 3283 ei,
266 3209 404 3281 Domine,
418 3210 566 3267 auxilium
579 3209 617 3267 de
633 3208 742 3267 Sancto
755 3230 764 3282 ,-

147 3291 190 3350 Et
202 3291 239 3350 de
253 3290 325 3348 Sion
338 3297 422 3349 tuere
435 3310 512 3348 eum.

105 3371 181 3431 Esto
195 3373 232 3445 ei,
248 3371 385 3443 Domine,
400 3371 492 3429 turris
505 3369 708 3428 fortitudinis:

147 3454 179 3511 A
191 3453 265 3512 facie
278 3450 399 3511 inimici

105 3533 295 3605 Convertere,
309 3532 448 3605 Domine,
462 3551 616 3610 usquequo
630 3553 636 3590 :

146 3615 190 3673 Et
202 3612 394 3691 deprecabilis
407 3620 470 3671 esto
486 3632 574 3690 super
587 3632 706 3671 servum
721 3620 813 3672 tuum.

105 3695 246 3768 Domine,
260 3693 370 3753 exaudi
383 3693 547 3751 oraticnem
563 3713 679 3752 meam:

147 3776 189 3833 Et
202 3774 313 3833 clamor
325 3792 409 3833 meus
422 3773 460 3832 ad
474 3779 505 3832 te
518 3774 628 3832 veniat.

105 3856 272 3913 Dominum
285 3855 444 3913 vobiscum.
488 3854 622 3913 Oramus.
671 3854 781 3914 Oratio.

105 3934 303 4012 Omnipotens
312 3935 491 4013 sempiterne
500 3934 592 4010 Deus,
604 3935 657 4011 qui
667 3935 813 3993 mundum
823 3951 862 3989 ex
875 3931 996 3989 informi
1006 3931 1129 3990 materia
1139 3932 1243 4008 fecisti,

61 4026 70 4078 t
85 4023 179 4076 cetera
193 4023 226 4074 ut
239 4035 340 4093 supro,
376 4059 382 4074 .
401 4015 466 4074 106.

104 4095 167 4156 Hic
189 4103 322 4173 ceperqat
364 4093 483 4155 ccerdoe
501 4103 616 4155 scotum
643 4105 670 4154 ct
693 4093 829 4155 baculum
852 4113 931 4168 aqua
954 4090 1121 4152 benedicto:
1142 4093 1244 4155 dando

61 4185 208 4254 acrymte
215 4184 399 4254 prepostero,
414 4176 514 4234 tradat
528 4176 554 4234 ei
566 4175 707 4235 Sacerdos
719 4183 834 4235 scutum
848 4174 968 4232 diccmtc
980 4196 990 4233 :

102 4256 218 4336 Accipe
230 4257 286 4316 hoo
303 4263 422 4316 scutum
435 4256 473 4315 ad
486 4256 616 4333 corporis
629 4257 677 4314 tui
689 4254 911 4333 protectionem.
954 4255 994 4313 In
1011 4253 1131 4312 nomine
1146 4255 1244 4316 Patris

61 4351 70 4401 t
84 4339 161 4399 Filii
173 4345 205 4397 et
218 4337 349 4416 Spiritus
362 4337 471 4396 Sancti.
513 4339 622 4396 Amen.

102 4418 181 4480 Item
193 4419 273 4479 dicet
286 4417 446 4480 Sacerdos:
470 4415 614 4494 Protegat
627 4424 658 4477 te
675 4415 812 4477 Christus
826 4415 920 4476 Filius
935 4416 993 4478 Doi
1007 4414 1078 4476 vivi.
1121 4418 1228 4479 Amen
