2768 4852
156 372 199 434 64
533 364 708 452 Exsequiee
729 363 984 450 Defunctorum.

216 547 315 625 Kyrie
328 547 453 625 eleyson
497 548 616 607 Christe
629 548 756 625 eleyson.
799 545 897 622 Kyrie
910 546 1040 622 eleyson.

216 653 308 713 Pater
321 660 429 711 noster.

214 761 354 821 Peulmue
367 760 476 839 (celo.)

215 858 328 930 lauda,
339 859 440 916 anima
454 875 520 914 mea
527 855 702 928 Dominum,
712 853 839 914 laudabo
848 853 1013 912 Dominum
1027 853 1133 914 invita
1143 874 1224 915 mea:
1238 854 1353 933 psallam

154 955 220 1015 Deo
233 974 299 1013 meo
313 954 456 1031 quamdiu
470 953 561 1010 fuero.

214 1060 320 1120 Nolite
333 1060 478 1119 confidere
492 1061 524 1117 in
538 1058 721 1137 principibus
735 1079 741 1117 :
761 1058 795 1116 in
808 1057 878 1116 filiis
891 1056 1054 1131 hominum,
1070 1057 1104 1116 in
1118 1058 1229 1136 quibus
1241 1076 1300 1116 non
1311 1063 1352 1115 est

154 1157 242 1216 salus.

214 1262 320 1319 Exibit
346 1262 469 1341 spiritus
496 1263 568 1338 ejus,
597 1267 628 1320 et
654 1265 822 1320 revertetur
847 1258 881 1319 in
907 1266 1018 1317 terram
1045 1278 1151 1318 snam:
1172 1260 1207 1318 iu
1233 1259 1285 1318 ills
1308 1258 1350 1317 die

152 1359 295 1436 peribunt
308 1377 409 1416 omnes
423 1357 616 1435 cogitationes
629 1376 740 1416 eorum.

213 1465 325 1522 Beatus
348 1465 432 1540 cujus
454 1464 537 1521 Deus
557 1462 652 1521 Jacob
673 1462 792 1538 adjutor
816 1462 888 1539 ejus,
912 1480 978 1539 spes
1001 1462 1066 1538 ejus
1090 1461 1123 1520 in
1143 1462 1276 1522 Domino
1294 1461 1350 1520 Deo

151 1562 264 1640 ipsius:
286 1561 339 1638 qui
352 1560 423 1619 fecit
437 1561 541 1618 oaelum
555 1566 586 1618 et
600 1566 718 1632 ten-am,
734 1578 824 1630 mare,
839 1565 871 1618 et
889 1558 999 1631 omnia,
1013 1578 1079 1635 qnae
1093 1559 1127 1616 in
1140 1558 1184 1618 eis
1197 1564 1277 1618 srmt

212 1669 274 1738 Qui
292 1668 422 1726 custodit
434 1669 592 1726 veritatem
612 1667 645 1724 in
658 1665 807 1739 saeeulum,
822 1665 894 1724 facit
909 1664 1057 1741 judicium
1071 1665 1216 1742 injuriam
1237 1664 1353 1744 patient·

123 1781 129 1790 ·
151 1765 218 1824 ibus
232 1787 238 1824 :
259 1765 311 1822 dat
324 1784 419 1823 escam
432 1765 649 1824 esurientibus..

211 1869 358 1926 Dominus
372 1868 462 1925 solvit
475 1867 655 1944 compeditos
668 1888 675 1925 :
696 1866 844 1925 Dominus
857 1864 1009 1924 illuminet
1022 1884 1119 1924 esecos.

212 1964 361 2022 Dominus
375 1965 462 2040 erigit
476 1964 580 2023 elisos:
601 1963 750 2021 Dominus
763 1962 862 2040 diligit
871 1964 976 2038 justos.

211 2066 359 2124 Dominus
383 2067 513 2125 custodit
536 2068 673 2140 advenas,
699 2067 846 2145 pupillum
868 2073 899 2125 et
919 2066 1040 2125 viduam
1061 2067 1221 2145 suscipiet:
1244 2075 1274 2127 et
1295 2069 1353 2127 viss

149 2168 335 2240 peccatorum
350 2163 509 2239 disperdet.

210 2268 361 2345 Regnabit
381 2268 529 2326 Dominus
549 2269 582 2326 in
602 2268 709 2327 secula
727 2256 813 2328 Deus
834 2276 912 2342 tuus,
928 2268 1018 2329 Sion:
1040 2271 1074 2328 in
1086 2273 1308 2349 generationem
1324 2278 1353 2330 et

148 2365 380 2443 generationem.

208 2473 357 2549 Requiem
371 2479 514 2529 aeternam
527 2472 607 2530 dona
620 2472 672 2544 eis,
687 2470 836 2531 Domine:

208 2570 250 2627 Et
263 2570 317 2627 lux
330 2575 478 2647 perpetus
487 2568 591 2626 luceat
598 2569 653 2626 eis.

207 2647 304 2724 Credo
318 2665 419 2722 videre
433 2666 512 2721 bona
527 2664 670 2721 Domini:

207 2764 246 2821 In
260 2770 341 2821 terra
354 2764 531 2820 viventium.

206 2861 239 2918 A
253 2868 340 2936 ports
354 2861 442 2917 inferi
460 2881 466 2917 :

203 2954 300 3028 Erue,
310 2939 450 3028 Domine,
467 2955 581 3012 animes
595 2974 704 3012 eorum.

206 3052 356 3108 Dominus
370 3052 534 3109 vobiscum.

206 3151 328 3208 Etcum
343 3150 451 3226 spiritu
466 3156 527 3207 tuo.
571 3149 706 3208 Oremus.

207 3247 265 3304 Pro
279 3247 415 3322 episcopo.
460 3246 571 3304 Oratio.

204 3345 295 3417 Deus,
322 3346 375 3419 qui
402 3345 483 3401 inter
509 3343 685 3419 apostolicos
711 3343 877 3400 sacerdotes
904 3341 1049 3401 famulum
1077 3350 1165 3403 tuum
1193 3341 1338 3423 pontificali

141 3443 238 3503 fecisti
252 3442 399 3517 dignitate
418 3440 539 3512 censeri,
561 3446 678 3516 praesta,
694 3459 871 3516 quaesumus,
886 3448 922 3498 ut
943 3461 1071 3518 quorum
1083 3443 1180 3502 vicem
1201 3444 1239 3502 ed
1251 3445 1337 3503 horso

141 3543 263 3620 gerebat
276 3542 308 3596 in
323 3539 420 3610 terris,
435 3558 536 3596 eorum
550 3545 694 3615 perpetuo
708 3540 855 3598 consortio
872 3539 991 3598 laetetur
1004 3540 1037 3598 in
1051 3540 1138 3603 culis.
1183 3541 1241 3602 Per
1254 3538 1338 3601 Domi·

141 3659 214 3698 num
229 3644 366 3695 nostrum
380 3637 401 3695 J
404 3657 487 3695 esum
502 3637 665 3697 Christum.

201 3737 262 3794 Pro
277 3735 428 3794 sacerdote.
474 3734 586 3793 Oratio.

202 3833 399 3909 Omnipotens
422 3831 601 3906 sempiterne
624 3831 716 3902 Deus,
737 3830 786 3888 cui
807 3851 962 3908 nunquam
984 3832 1048 3890 sine
1072 3851 1124 3910 spe
1146 3831 1339 3895 misericordie

139 3931 333 4009 supplicatur,
344 3929 508 4005 propitiare
519 3928 625 3985 animae
639 3929 745 3986 famuli
756 3928 804 3986 tui
817 3930 987 4003 sacerdotis,
998 3937 1034 3987 ut
1047 3930 1101 4007 qui
1118 3930 1156 3988 de
1175 3931 1231 3991 hae
1244 3929 1338 3990 vitain

139 4028 186 4086 tui
209 4026 340 4084 nominis
360 4024 542 4083 consessione
565 4022 701 4094 decessit,
722 4028 894 4081 sanctorum
914 4030 1036 4083 tuorum
1061 4027 1094 4082 in
1116 4045 1244 4089 numero
1264 4026 1339 4087 usa

139 4123 300 4201 aggregari.
345 4122 405 4179 Per
420 4121 585 4179 Dominum
599 4127 736 4177 nostrum
749 4119 772 4177 J
774 4139 865 4179 esum.

199 4220 260 4277 Pro
273 4219 404 4292 famulo.
450 4217 560 4276 Oratio.

199 4315 325 4385 Incline,
339 4315 475 4387 Domine,
485 4333 588 4371 serrem
602 4320 686 4372 tuam
700 4315 737 4373 ad
752 4334 852 4391 preces
865 4322 992 4390 nostras,
1003 4316 1111 4394 quibus
1121 4319 1341 4382 misericordium

137 4421 221 4471 tuem
234 4411 381 4488 supplices
397 4411 599 4487 deprecemur,
614 4418 651 4470 ut
667 4411 798 4470 enimam
812 4411 919 4471 famuli
934 4414 989 4485 tui,
1009 4415 1151 4491 quamde
1168 4415 1227 4478 hoc
1247 4414 1342 4479 seculo
