2768 4852
139 339 162 405 6
396 335 485 402 oreo
506 335 555 402 ad
576 334 858 402 Oatectsaneaam
879 330 1102 402 samana

202 516 338 577 Oremus.

201 612 308 672 Preces
338 616 464 686 nostras,
492 632 671 690 quaesumus,
695 613 834 685 Domine,
856 611 1019 672 clementer
1045 613 1187 687 exaudi3
1226 620 1260 672 et
1285 612 1355 674 hunc

139 711 267 772 electum
287 717 375 770 tuum
389 710 429 769 N.
445 709 760 791 crucisffldominicm
775 711 861 787 cujus
884 709 1077 786 impressione
1099 730 1176 769 eum
1200 712 1354 789 signamur,

138 808 253 868 virtute
266 808 391 881 custodi,
407 813 442 865 ut
455 808 670 885 magnitudinis
686 808 787 884 gloria
801 807 973 865 rudimenta
985 825 1111 866 servans
1123 826 1183 885 per
1196 810 1353 869 marim

139 905 348 965 mandatorum
372 911 494 962 tuorum
527 903 565 962 acl
587 904 820 980 regenerationis
853 903 981 981 gretiam
1007 903 1170 980 pervenire
1200 912 1351 967 moratu.

140 1002 200 1062 Per
212 1002 366 1062 Christum
381 1001 546 1060 Dominum
564 1008 708 1059 nostrum.
751 1001 861 1059 Amen.

202 1100 337 1160 Oremus.

202 1195 293 1268 Deus,
308 1195 362 1271 qui
381 1193 506 1251 humani
519 1194 635 1272 generis
655 1193 699 1251 its
712 1212 744 1251 es
764 1192 959 1265 constituant
979 1192 1020 1251 sia
1040 1193 1137 1252 etiam
1158 1195 1352 1269 reformatos

141 1293 311 1372 propitiare,
336 1310 515 1370 quaesumus,
536 1290 654 1368 populis
683 1291 841 1367 adoptivis,
863 1297 895 1349 et
918 1308 997 1349 novo
1016 1296 1208 1351 testamento
1232 1292 1350 1353 sobolem

139 1409 225 1448 novae
247 1390 338 1467 prolis
359 1389 481 1459 ascribe,
503 1394 539 1445 ut
559 1387 614 1444 filii
634 1387 836 1463 promissionis
856 1386 936 1463 quod
960 1405 1022 1444 non
1044 1392 1222 1463 potuerunt
1246 1389 1351 1467 sesequi

139 1505 193 1563 per
202 1491 351 1558 naturam,
363 1484 513 1562 gaudeant
522 1502 554 1540 se
563 1482 706 1559 recepisse
716 1502 769 1559 per
778 1482 913 1560 gratiam.
949 1481 1010 1539 Per
1019 1481 1180 1542 Christum
1192 1484 1350 1547 Dominum

140 1592 284 1643 nostrum.
328 1585 437 1641 Amen.

199 1680 366 1740 Benedictio
379 1678 527 1738 saltariae
541 1677 690 1735 Dominus
703 1676 897 1736 vobiscumet
910 1676 973 1735 siae
986 1677 1121 1735 Oremaa

200 1778 344 1836 Exoroizo
354 1785 393 1850 tc,
403 1784 539 1835 creatura
548 1776 627 1849 salis,
637 1775 799 1833 innomine
817 1773 921 1855 Dei›1‹
929 1774 1275 1854 Patrisomnipotentis,
1286 1779 1348 1838 etin

139 1875 264 1933 caritate
273 1874 396 1933 Domini
405 1875 501 1931 nostri
511 1873 586 1931 Jesu
595 1872 709 1931 christi
719 1880 750 1930 ct
764 1873 796 1930 in
804 1872 918 1931 virtute
928 1870 1057 1948 Spiritus
1067 1870 1183 1932 Sancti
1214 1874 1349 1934 Exorcirc

139 1981 171 2031 te
181 1993 235 2050 per
243 1970 497 2049 Deumqwivum,
508 1990 561 2048 per
566 1968 818 2050 Deumffiverum,
830 1989 884 2047 per
894 1967 1183 2050 Deumelesnctm
1194 1992 1254 2050 per
1262 1973 1348 2033 Deum

138 2069 237 2146 quite
250 2069 288 2126 ad
309 2067 434 2125 tutelam
453 2067 578 2129 hnmani
597 2068 713 2143 generis
731 2065 905 2144 procreavit,
919 2073 950 2125 et
963 2066 1072 2144 populo
1091 2068 1238 2129 venienti
1250 2070 1289 2129 ad
1301 2088 1349 2129 cre·

138 2167 298 2224 dulitatem
321 2184 375 2241 per
398 2184 499 2222 serres
526 2183 594 2221 suos
617 2166 781 2222 consecrari
804 2164 952 2242 praecepit,
978 2164 1070 2222 utin
1093 2167 1225 2226 nomine
1249 2175 1347 2228 mnae

137 2263 297 2321 Trinitatis
311 2261 446 2320 efficiaris
459 2262 588 2319 salutare
601 2268 819 2320 sacramentum
832 2263 870 2320 sd
884 2263 1074 2338 effugandum
1088 2263 1262 2325 inimicum.
1298 2267 1347 2325 Pa

138 2360 208 2419 inde
221 2379 360 2438 rogamus
373 2366 412 2431 te,
427 2360 557 2418 Domine
571 2359 655 2417 Deus
671 2368 780 2433 noster,
795 2361 914 2433 uthere,
930 2360 1078 2437 Respiciet
1091 2360 1244 2424 Sacerdos
1259 2365 1347 2433 sulem,

137 2464 272 2518 creatura
285 2458 355 2516 salis
368 2457 401 2515 in
414 2458 534 2515 nomine
545 2456 661 2515 Sancta
672 2457 831 2516 Trinitatis
841 2458 986 2515 efficiatur
992 2457 1123 2516 salutare
1130 2469 1346 2521 sacramentum

134 2557 172 2616 sd
186 2557 378 2635 effugandum
392 2556 556 2614 inimicum.
598 2555 697 2625 Quam
707 2561 751 2627 tu,
761 2555 900 2627 Domine,
915 2553 1346 2636 sanctificandoffisanetifices

134 2654 333 2713 benedicendo
342 2652 384 2734 ᾧ
392 2651 574 2725 benedicas*
582 2659 618 2709 ut
627 2653 680 2709 fiat
689 2653 827 2710 omnibus
837 2652 1049 2729 accipientibus
1059 2651 1196 2728 perfecta
1207 2656 1346 2717 medicina

135 2771 311 2829 permanens
325 2753 359 2809 in
372 2753 535 2809 visceribus
548 2770 660 2809 eorum.
703 2751 743 2807 In
757 2752 878 2807 nornine
893 2749 1016 2808 Domini
1029 2749 1126 2807 nostri
1139 2750 1164 2808 J
1164 2771 1222 2812 esu
1233 2753 1345 2825 Christi,

137 2851 190 2924 qui
213 2855 359 2906 venturus
383 2856 427 2904 cst
447 2849 581 2924 judicare
608 2848 693 2906 rivos
715 2853 746 2905 ct
773 2854 906 2906 mortuos
934 2854 965 2906 ct
991 2846 1132 2905 saeculum
1158 2867 1217 2926 per
1246 2854 1344 2931 ignem.

136 2944 249 3003 Amen.

198 3040 303 3098 Postea
321 3037 462 3097 Sacerdos
481 3039 635 3115 interroget
655 3060 760 3099 acmen
775 3040 874 3117 pareri,
889 3047 916 3098 et
928 3049 1024 3117 ponat
1042 3039 1077 3099 de
1097 3039 1163 3116 apso
1181 3044 1249 3105 sale
1261 3048 1297 3106 in
1308 3062 1345 3105 ort

137 3135 208 3212 q'as,
233 3136 278 3192 ita
301 3135 417 3193 diceas:
445 3134 496 3206 N„
518 3136 630 3214 Accipe
656 3136 746 3194 salem
771 3137 933 3213 sapientire,
955 3145 990 3194 ιιι
1013 3136 1196 3214 propitiatus
1226 3142 1273 3202 sit
1297 3141 1345 3201 tibi

138 3230 286 3289 Dominus
300 3231 332 3287 in
346 3230 440 3287 vitam
454 3239 605 3290 aternam.
647 3232 756 3290 Amen.

193 3328 265 3386 Post
278 3327 367 3387 salem
380 3328 485 3386 elatam
498 3330 577 3388 dant
590 3331 748 3389 Sacerdos:
768 3329 916 3388 Dominus
929 3330 1088 3389 vobiscum.
1133 3330 1278 3396 Orcmua

196 3424 299 3484 Oratio
312 3445 400 3501 saper
412 3425 578 3484 resecatam
591 3425 782 3502 etsemr'aam.
828 3427 936 3486 Oratio.

195 3522 278 3580 Deus
309 3528 429 3599 patrum
461 3529 640 3594 nostrorum,
670 3523 753 3581 Deus
785 3523 932 3581 universae
967 3522 1103 3581 conditor
1136 3525 1296 3603 veritatis,
1321 3538 1346 3587 te

133 3619 280 3696 supplices
300 3638 456 3677 exoramus
476 3626 512 3678 ιιι
532 3620 612 3679 hunc
625 3620 772 3678 famulum
794 3625 881 3677 tuum
901 3620 941 3678 N.
965 3620 1109 3696 respicere
1129 3620 1272 3699 digneris
1291 3646 1346 3705 pro

133 3715 237 3794 pitius,
262 3721 293 3774 et
317 3715 372 3774 hoc
395 3716 525 3793 primum
550 3717 692 3793 pabulum
716 3717 785 3774 salis
808 3723 979 3794 gustantem
1003 3736 1064 3774 non
1091 3717 1209 3778 diutius
1240 3725 1346 3785 esurire

133 3813 297 3891 permittas,
333 3813 492 3890 quominus
520 3813 585 3871 cibo
612 3813 770 3891 expleatur
797 3814 930 3886 cmlcsti;
972 3814 1114 3891 quatinus
1144 3815 1187 3874 sit
1224 3839 1346 3901 semper,

134 3909 272 3983 Domine,
301 3910 409 3988 spiritu
437 3909 563 3981 fervens,
588 3929 639 3986 spe
666 3910 806 3986 gaudens,
831 3911 947 3968 nomini
971 3917 1024 3967 tuo
1052 3930 1168 3988 semper
1196 3919 1344 3978 serviem:
1383 3977 1384 3982 ἵ

134 4008 245 4085 perduc
268 4027 337 4066 eum
364 4007 401 4064 ad
439 4027 524 4065 norae
551 4007 750 4084 generationis
770 4007 930 4080 lavacram,
960 4015 996 4065 ut
1023 4027 1091 4066 cum
1118 4009 1266 4075 fidelibus
1293 4016 1347 4077 tuit
1383 3991 1384 4058 i

135 4104 363 4182 promissionum
377 4110 497 4162 tuarum
511 4110 622 4163 aeterna
634 4105 755 4181 praemia
768 4106 907 4182 consequi
916 4111 1073 4164 mereatur.
1117 4105 1179 4165 Per
1192 4109 1347 4175 (ihr-istum

137 4201 303 4261 Dominum
316 4204 459 4260 nostrum.

138 4364 268 4480 Musa
277 4363 344 4411 John
353 4363 478 4411 Lawron’s
488 4354 807 4437 MS.-“sancti›1‹flcsndo
821 4356 1008 4438 unct'spfices,
1022 4357 1232 4440 bonexedteendo
1247 4368 1348 4453 besola
