2768 4852
375 377 557 446 Desaoctu
570 377 690 444 Mario
704 377 919 464 Maqdaoua.
1184 381 1247 450 207

67 563 166 625 nium
184 562 393 641 congreganti:
422 582 513 641 quam
529 582 597 622 eum
609 561 734 640 impleta
746 567 823 621 esset
836 562 993 622 educentes
1010 567 1042 622 et
1058 582 1142 622 secus
1162 563 1249 623 littus

67 655 175 719 tentes
187 659 343 736 elegerunt
355 659 448 717 bonos
461 659 495 716 in
508 677 579 717 vasa
591 678 653 732 sua,
668 658 762 718 malos
774 664 876 718 antem
889 659 968 718 foras
981 659 1134 719 miserunt

87 755 203 835 Specie
216 762 272 814 tua
285 761 317 815 et
328 756 554 834 pulchritudine
567 762 629 815 tua.

92 850 243 912 Intende.

97 949 214 1010 Oratae.
258 949 350 1025 Deus,
365 950 419 1028 qui
431 951 550 1009 beatem
563 949 615 1029 (at
628 948 663 1009 in
676 947 796 1010 Mieeali
808 949 844 1009 in
857 948 934 1027 dio).

488 1181 539 1240 Da
560 1196 674 1240 esuum
694 1179 799 1240 Assa

99 1276 287 1355 Antiphone.

102 1371 208 1433 Simile
241 1379 288 1433 est
320 1393 445 1453 rognum
472 1373 610 1433 caelorum
636 1373 753 1432 homini
779 1374 958 1452 negotiatori
984 1376 1132 1453 quaerenti
1157 1377 1250 1438 bonas

67 1470 226 1549 &gasitan
270 1469 401 1529 Inventa
413 1489 474 1528 una
486 1471 624 1548 pretiosa,
638 1470 722 1530 dedit
734 1471 834 1530 omnia
847 1490 901 1529 sua
914 1476 946 1531 et
958 1473 1141 1550 comparavit
1155 1493 1227 1533 sam.

67 1550 88 1622 ἶ
103 1566 273 1644 Adjuvabit
285 1585 351 1625 eam
365 1568 514 1625 Dominus
527 1566 616 1625 vultu
630 1586 704 1626 suo:

106 1663 186 1724 Deus
199 1665 235 1723 in
248 1664 346 1724 medio
360 1666 442 1742 ejus:
463 1684 526 1723 non
538 1665 780 1725 commovebitur.

107 1759 216 1823 Oratio.
261 1761 353 1836 Dens,
368 1762 421 1840 qui
433 1763 552 1821 beatam
564 1761 688 1820 Annam
701 1760 754 1840 (at
767 1761 803 1821 in
816 1762 937 1823 Missoli
949 1762 982 1822 in
996 1762 1069 1842 dte).

376 2006 428 2066 Dn
448 2023 564 2067 susum
584 2008 697 2069 Mmu
717 2008 928 2069 Masnmmss.

103 2103 288 2182 Amitinum.

104 2201 220 2260 Fidelis
238 2219 336 2260 sermo
355 2207 387 2259 et
406 2201 489 2260 omni
508 2201 677 2279 aooeptione
697 2202 813 2280 dignus,
828 2202 899 2282 quia
912 2203 1050 2263 Christus
1066 2205 1089 2264 J
1090 2225 1156 2264 esus
1169 2204 1253 2264 venit

67 2298 172 2360 shuno
184 2300 332 2358 mundum
351 2305 519 2376 peccatores
538 2301 635 2360 salvos
649 2301 765 2360 facere:
784 2307 816 2360 et
834 2301 887 2378 qui
899 2302 981 2361 nasei
997 2303 1137 2381 dignatus
1154 2310 1252 2364 estex

67 2397 146 2458 [ania
157 2395 283 2476 virgins,
297 2397 382 2474 tnngi
394 2416 456 2455 non
469 2397 647 2476 dedignatus
667 2403 713 2457 est
732 2399 769 2457 de
789 2398 888 2457 Muris
907 2400 1074 2476 peceatrice.
1114 2401 1190 2461 Haee
1208 2409 1254 2461 est

67 2493 97 2555 la
109 2490 213 2552 Malia
225 2493 275 2552 eui
288 2491 409 2551 dimissa
422 2499 494 2550 sunt
516 2499 636 2570 peecata
657 2494 763 2566 multa,
777 2495 849 2570 quia
869 2495 977 2554 dilexit
997 2497 1135 2556 multum
1177 2498 1253 2558 Hoec

67 2589 159 2651 silla
171 2589 279 2663 Maris,
295 2608 361 2666 quae
374 2595 577 2665 resurgentem
597 2609 616 2648 a
627 2590 754 2648 mortuis
771 2590 1016 2667 primoomnium
1029 2593 1131 2653 videre
1143 2596 1254 2653 meruit

67 2685 214 2749 *ominum
236 2692 374 2745 nostium
392 2685 415 2744 J
416 2705 500 2745 esum
525 2686 688 2761 Christum,
709 2705 798 2763 quem
818 2707 872 2765 pro
892 2689 1001 2748 nostris
1020 2689 1152 2750 reatibus
1179 2698 1252 2765 oret,

67 2803 225 2856 uaeanmus,
240 2782 274 2841 in
287 2789 441 2842 aternum.
495 2782 497 2787 ’

67 2881 78 2944 ἱ
103 2879 240 2939 Dimissa
252 2885 325 2937 suut
337 2879 366 2937 ei
378 2883 498 2955 peecata
510 2877 622 2937 multa:

106 2976 259 3048 Quoniam
272 2973 381 3034 dilexit
394 2975 532 3035 multum.

107 3072 222 3135 Orate.
264 3072 388 3151 largire
401 3071 486 3131 nobis
498 3070 551 3150 (ut
563 3072 598 3132 in
611 3070 732 3133 Missali
744 3073 778 3132 in
791 3072 864 3154 de).
