2768 4852
524 274 718 343 Benedictio
736 274 866 343 rnen.

292 460 339 519 Ut
361 466 502 518 cunctum
525 457 671 535 populum
694 456 911 530 Christianum,
931 456 1068 534 pretioso
1087 456 1228 536 sunguine
1241 458 1278 512 tue
1332 474 1337 508 r

374 557 570 631 redemptum,
585 572 759 613 conservare
772 553 906 633 digneris
918 574 927 615 z
946 558 980 613 te
992 572 1146 631 rogemus.

292 654 340 713 Ut
369 655 402 712 in
431 654 552 711 Christo
576 653 690 709 renatis
722 652 928 711 remissionem
954 651 1096 711 omnium
1120 654 1283 730 peoestorm

372 754 484 811 donare
498 752 629 829 digneris
643 772 649 810 ι
670 757 701 810 te
715 770 862 829 rogemus

293 850 341 909 Ut
354 869 409 907 nos
422 849 510 907 hodio
523 850 588 907 sine
601 854 720 925 peceato
733 848 883 907 custodies
898 866 905 907 ε
927 852 961 907 te
972 866 1126 926 regemn

291 947 339 1006 Ut
352 966 406 1004 nos
420 947 564 1004 exaudire
578 945 729 1022 digneris:
753 952 783 1003 to
796 962 943 1022 rogemus.

295 1042 355 1101 Fili
371 1043 430 1101 Dei
444 1063 450 1100 :
471 1049 502 1099 te
516 1061 655 1119 rogemus
668 1041 741 1099 audi
751 1060 813 1099 nos.

291 1140 400 1218 Agnus
414 1140 481 1213 Dei,
495 1140 549 1216 qui
561 1139 644 1197 tollis
657 1145 778 1215 peccota
790 1137 913 1197 muudi:
932 1156 1021 1215 parce
1034 1138 1136 1213 nobis,
1152 1138 1275 1198 Domine

291 1237 396 1314 Agnus
415 1236 482 1309 Dei,
498 1237 551 1312 qui
564 1235 646 1293 tollis
663 1241 782 1312 peresis
796 1235 920 1294 mundi:
940 1222 1054 1295 eraudi
1067 1256 1136 1311 nos,
1150 1234 1276 1295 Domine

290 1332 397 1411 Agnus
412 1333 479 1405 Dei,
494 1333 547 1409 qui
566 1332 649 1390 tollis
662 1340 783 1410 peccate
796 1332 919 1391 mundi:
938 1330 1084 1393 miserere
1097 1332 1195 1393 nobis.

294 1431 413 1489 Christe
426 1429 497 1487 sudi
510 1450 572 1487 nos.

294 1528 392 1605 Kyrie
405 1528 532 1605 eleyson.
576 1527 695 1585 Christe
708 1527 836 1603 eleyson
879 1526 978 1603 Kyrie
990 1526 1126 1604 eleyson.

152 1710 259 1767 Finita
269 1708 395 1766 bitania
408 1716 460 1766 stet
470 1706 612 1765 Sacerdos
622 1726 721 1764 cereus
735 1706 776 1763 cd
789 1705 937 1778 orientem,
948 1704 1023 1762 dum
1037 1703 1293 1783 baudicitsonia

88 1801 161 1862 *tec
175 1801 281 1861 modo*
294 1803 410 1859 dicens:

151 1899 300 1957 Dominus
313 1898 474 1955 vobiscum.
527 1896 662 1954 Oremus.

150 1996 346 2071 Omnipotens
366 1994 545 2069 sempiterne
559 1992 651 2064 Deus,
667 1990 769 2048 miesto
784 2009 896 2067 megum
910 1989 1034 2067 pietatis
1054 1996 1121 2050 tue
1137 1994 1295 2071 mysteriin

87 2092 191 2151 adesto
211 2091 424 2162 sscmmentis3
452 2097 483 2148 et
503 2091 541 2147 sd
559 2089 700 2147 creandos
720 2107 814 2146 novos
834 2087 959 2166 populos
978 2106 1056 2164 quos
1076 2089 1141 2148 tibi
1158 2092 1227 2153 fons
1241 2092 1296 2169 ht}-

89 2190 218 2250 tismstis
231 2189 370 2266 parturit,
386 2188 526 2263 spiritum
540 2187 708 2263 adoptionis
723 2186 849 2260 omitte3
868 2191 903 2243 ut
911 2185 991 2262 quod
999 2186 1193 2249 humilitatis
1202 2198 1296 2251 nnn·

88 2288 252 2367 gerendum
268 2306 299 2346 es
317 2285 493 2358 ministerio,
507 2291 567 2342 tuce
587 2284 710 2342 virtutis
728 2284 889 2361 implentur
906 2284 1021 2342 effectu.
1066 2284 1131 2345 Per
1144 2288 1297 2349 Dominum

89 2392 234 2459 nostrum,
256 2384 363 2443 Jesum
384 2382 546 2451 Christum,
561 2382 673 2438 Filium
694 2389 790 2453 tuum,
806 2381 859 2458 qui
879 2387 978 2439 tecum
998 2380 1081 2439 vivit
1100 2390 1136 2443 et
1158 2384 1296 2464 regnetis

86 2485 204 2543 unitate
218 2482 349 2561 Spiritus
363 2480 468 2539 Sancti
483 2480 566 2537 Deus
580 2498 633 2555 per
646 2478 748 2537 omnio
761 2479 869 2538 saeeule
883 2478 1070 2538 soeculorum.

150 2582 298 2642 Dominus
312 2580 474 2639 vobiscum.

150 2680 276 2738 Sursum
290 2678 385 2736 corda.

151 2777 271 2836 Gratias
284 2795 405 2852 agamus
420 2773 552 2830 Domino
567 2772 632 2829 Deo
646 2776 757 2828 nostro.

149 2874 231 2931 Vere
251 2874 376 2948 dignum
395 2877 427 2927 et
444 2872 562 2945 justum
584 2876 631 2927 est
649 2889 769 2945 aequum
787 2875 818 2927 et
835 2870 966 2928 salutare
986 2888 1041 2927 nos
1059 2871 1119 2929 tibi
1139 2892 1260 2953 semper
1274 2880 1300 2933 ei

88 2970 201 3044 ubique
221 2968 331 3043 gratiss
351 2984 447 3041 egere,
465 2965 604 3040 Domine,
627 2972 728 3025 sancte
747 2967 847 3040 Pater,
862 2968 1048 3044 omnipotens
1068 2976 1188 3030 reterns
1207 2972 1301 3031 Deus:

89 3065 151 3135 Qui
177 3061 326 3121 invisibili
356 3060 492 3136 potentio
522 3068 774 3120 sacramentorum
801 3071 922 3122 tuorum
957 3063 1140 3122 mirabiliter
1177 3068 1302 3145 opereris

87 3162 237 3230 effectum,
261 3163 292 3215 et
313 3157 384 3214 licet
407 3176 461 3215 nos
485 3159 578 3216 tontis
602 3161 752 3236 mysteriis
776 3162 972 3237 exsequendis
995 3161 1089 3217 simus
1115 3161 1302 3243 indignior

88 3264 191 3315 temen
205 3254 308 3332 gratim
322 3260 382 3312 tuse
397 3254 474 3312 done
487 3274 548 3312 non
565 3255 710 3329 deserens,
731 3256 822 3314 etiam
839 3258 877 3314 sd
892 3263 1007 3315 nostres
1023 3276 1126 3334 preces
1143 3278 1236 3320 sures
1248 3266 1303 3319 tus

88 3354 210 3433 pietatis
234 3353 379 3411 inclinas:
410 3354 502 3424 Deus,
524 3355 609 3430 cnjus
630 3354 761 3430 Spiritus
781 3374 870 3431 snper
890 3375 982 3433 equas
1005 3355 1085 3412 inter
1109 3355 1180 3432 ipso,
1201 3358 1304 3417 muudi

88 3449 252 3529 primordie
278 3448 437 3524 ferebatur,
462 3455 497 3507 ut
520 3450 585 3526 jam
612 3456 685 3507 tuuc
713 3450 859 3508 iirtutem
886 3450 1130 3511 sanctificationis
1157 3471 1303 3531 aquarum

89 3553 198 3606 notius
211 3546 398 3622 conciperet:
421 3547 512 3619 Deus,
527 3547 581 3623 qui
594 3547 727 3605 nocentis
740 3548 846 3604 mundi
860 3548 985 3606 crimine
999 3568 1052 3625 per
1068 3566 1163 3625 aquas
1182 3552 1304 3611 abluens

88 3642 319 3721 regenerationis
332 3642 458 3719 speciem
479 3643 513 3700 in
534 3642 600 3719 ipsa
621 3643 729 3700 diluvii
747 3643 890 3701 effusione
911 3644 1043 3722 signasti,
1059 3649 1095 3701 ut
1116 3645 1212 3705 unius
1234 3649 1304 3725 ejus

88 3739 214 3814 demque
246 3737 387 3795 elementi
413 3737 554 3814 mysterio
582 3744 614 3796 et
640 3739 709 3796 finis
741 3745 818 3797 esset
844 3741 929 3798 vitiis
950 3747 981 3798 et
1005 3741 1087 3816 origo
1114 3739 1304 3803 virtutibus:

89 3834 223 3913 Respice,
239 3834 377 3907 Domine,
392 3835 425 3893 in
447 3835 551 3893 faeiem
574 3834 713 3893 Ecclesiae
734 3842 804 3910 tuce,
819 3842 851 3894 et
866 3837 1034 3914 multiplice
1053 3839 1086 3894 in
1101 3856 1137 3895 ea
1150 3857 1304 3919 regenen-

88 3934 184 3991 tioues
208 3939 285 4005 tues,
308 3932 362 4010 qui
384 3933 488 4011 gratioe
510 3938 570 3992 ture
594 3933 716 3990 effluens
737 3934 850 4011 impetu
876 3934 1008 3993 laetificas
1027 3935 1185 3994 civitatem
1210 3946 1303 4011 tuem

88 4029 261 4107 fontemque
273 4029 462 4108 baptismatis
475 4030 573 4107 operis
586 4035 651 4087 toto
662 4030 732 4087 orbe
746 4036 894 4088 terrerum
908 4032 1048 4108 gentibus
1062 4032 1257 4111 innovandis,
1270 4042 1303 4095 ut

89 4131 149 4184 tuce
160 4128 323 4202 mejestatis
332 4127 456 4204 imperio
466 4127 733 4203 sumatUnigeniti
743 4128 789 4185 tui
799 4129 927 4205 gretiam
936 4130 972 4187 de
981 4129 1096 4207 Spiritu
1103 4129 1219 4191 Sancto
1229 4156 1237 4193 :
1246 4133 1302 4193 llic

89 4220 244 4281 dividetur
257 4242 337 4299 aqua
351 4243 418 4282 cuns
430 4244 525 4282 mene
537 4224 572 4281 in
591 4223 712 4281 neodem
733 4224 834 4283 crucis.
879 4225 940 4295 Qui
954 4227 1030 4285 hone
1044 4245 1153 4303 aquom
1167 4248 1302 4309 segeneo

426 4370 439 4396 ¹
451 4370 565 4416 Bodleian
576 4369 677 4416 MS.-“
687 4384 742 4417 eum
753 4384 822 4417 cerco
833 4383 936 4417 occense
945 4373 958 4395 ”
