2760 4860
126 351 189 411 102
473 441 477 449 ι
507 310 730 449 λλλλιιλο
751 347 921 434 baumer.

122 529 265 604 junctus;
289 536 320 589 et
340 531 365 589 si
385 534 453 613 quie
463 526 518 588 illi
535 537 615 603 sunt,
637 530 775 605 Domine,
797 530 894 609 dignm
914 530 1095 590 cruciatibus
1114 532 1216 608 culpe,
1232 538 1360 592 tuem

126 626 222 702 gretie
236 617 411 725 mitissimis
413 628 546 686 leuitatis
559 629 699 705 indulge,
718 649 773 686 neo
786 629 897 705 peceati
913 629 1038 706 recipiet
1051 629 1155 702 vioem,
1171 628 1222 686 sed
1234 628 1355 688 indul·

126 732 198 800 gent
200 726 234 782 ire
249 731 340 798 ture
324 709 404 803 pierii
416 727 528 784 sentiat
540 728 724 786 bonitatem:
745 746 871 803 eumque
891 727 977 784 finito
997 727 1104 784 mundi
1117 727 1244 785 termino
1257 746 1353 786 senr-

127 821 292 908 piternuih
298 811 413 893 {tinctis
434 824 568 882 illuxerit
588 844 720 900 regnum,
741 823 875 881 omnium
898 829 1068 881 sanctorum
1088 825 1212 882 eaetibus
1230 843 1349 901 sggro

127 921 244 1015 gertus..
242 939 309 975 cum
336 920 437 978 electis
460 923 522 980 tuis
549 922 718 999 resurgat
710 941 742 978 ιιι
766 927 851 997 porte
875 920 999 978 dextero
1025 923 1219 981 coronandus
1270 921 1346 982 Per

85 1086 90 1094 ,
108 993 280 1094 {Christum
295 1018 459 1076 Dominum
473 1026 616 1077 nostrum

139 1101 321 1171 ··'·.Oiemus
365 1114 475 1174 Oratio.

51 1265 83 1283 ν,
188 1209 333 1268 Debitum
355 1213 478 1270 humani
504 1213 633 1290 eorporis
656 1212 818 1290 sepeliendi
841 1212 970 1270 officium
994 1213 1129 1271 fidelium
1152 1233 1233 1272 more
1253 1232 1327 1270 oom-

127 1305 252 1381 plentes‚
267 1308 365 1366 Deum
379 1311 428 1367 oui
441 1310 542 1367 omnia
555 1311 665 1368 vivunt
678 1310 806 1368 fideliter
821 1310 1019 1387 depreeemur‚
1034 1318 1071 1368 ut
1083 1311 1139 1368 hoo
1152 1329 1256 1387 corpus
1268 1310 1321 1366 euri

127 1405 223 1462 nostri
235 1407 268 1462 in
281 1407 457 1465 infirmitate
473 1409 623 1485 sepultum
636 1409 668 1466 in
683 1408 786 1466 ordine
799 1416 969 1467 sanctorum
989 1428 1110 1466 suorum
1124 1408 1280 1474 resuscitet,
1293 1411 1317 1461 ιλ

126 1501 190 1577 ejus
217 1504 356 1579 spiritum
383 1507 493 1564 seretis
517 1513 548 1564 et
572 1507 708 1564 fidehbus
731 1507 793 1565 suis
815 1506 969 1584 aggregari
990 1507 1106 1582 jubeat,
1131 1527 1198 1564 oum
1220 1503 1312 1581 quibus

127 1599 320 1660 inenerrabili
346 1604 440 1681 gloria
463 1611 494 1662 et
517 1606 640 1681 perenni
662 1604 804 1663 felicitate
824 1605 938 1681 perfrui
955 1610 1112 1665 mereatur.
1165 1604 1310 1662 Praestne

127 1698 256 1758 Domino
271 1709 371 1760 nostro
384 1703 406 1761 J
408 1723 459 1761 esu
474 1703 600 1761 Christo.
643 1703 703 1774 Qui
717 1722 784 1760 eum
798 1702 895 1762 Patre.

186 1797 246 1855 Hie
269 1809 346 1874 roqet
369 1820 452 1858 orare
469 1821 527 1876 pro
547 1821 578 1858 eo
598 1809 625 1858 et
641 1820 699 1876 pro
721 1799 856 1859 oneuibus
878 1799 1091 1874 quiescentibus
1111 1800 1145 1858 ιἰι
1165 1794 1308 1857 cereseio.

126 1892 267 1952 Psalmus
280 1895 419 1974 (cerie),
435 1898 482 1954 De
495 1897 658 1975 profundis.

188 1993 284 2069 Kyrio
297 1995 423 2070 eleyson.
467 1994 586 2053 Christe
599 1995 724 2072 eleyson
768 1996 866 2073 Kyrie
879 1995 1007 2072 eleyson.

188 2089 279 2148 Pater
293 2099 400 2164 noster,
416 2093 477 2151 siue
491 2103 568 2151 orote.
613 2093 654 2151 Et
669 2113 707 2152 ue
720 2113 781 2153 nos.

188 2188 335 2264 Requiem
349 2197 497 2248 aeternam.

189 2285 283 2344 Credo
297 2287 405 2344 videre.

188 2383 220 2438 A
233 2389 319 2459 porta
333 2384 428 2441 inseri.

188 2479 337 2538 Dominus
350 2481 509 2540 vobiscum.
553 2482 687 2540 Oremus.

188 2575 309 2633 Partem
336 2579 429 2636 beatae
457 2581 678 2638 resurrectionis
705 2581 849 2652 obtineat,
873 2579 1027 2655 ritumque
1054 2584 1196 2636 ιιλιιιιιιιι
1223 2577 1329 2634 habero

130 2682 238 2732 merteu
241 2695 277 2731 ur
289 2676 417 2747 ineaelis,
434 2679 492 2735 Ριι
502 2695 541 2751 te,
556 2680 630 2736 Jesu
643 2678 770 2749 Christe,
781 2679 876 2736 salrt
845 2699 861 2734 ι
864 2684 911 2735 λοι
923 2677 1036 2775 mundi
1082 2677 1219 2746 Quicum
1230 2676 1327 2733 Ριλιι

190 2774 322 2832 Oremus.

189 2873 330 2945 Absohe,
347 2893 523 2948 quaesumuS,
540 2873 676 2944 Domine,
698 2874 828 2931 animum
851 2874 955 2932 famuli
978 2874 1025 2930 tui
1046 2870 1085 2928 ub
1107 2872 1188 2928 omni
1212 2869 1333 2928 vinculo

128 2971 311 3044 delictorum,
327 2979 361 3028 ut
375 2973 407 3027 iu
421 2972 644 3028 resurrectionis
660 2972 754 3047 glorie
768 2973 847 3030 inter
863 2979 979 3030 sanctos
994 2978 1024 3028 et
1037 2971 1145 3029 eleetos
1159 2975 1226 3026 tuos
1239 2986 1334 3026 resus⁶

26 3088 31 3095 ·
127 3070 236 3126 citetus
251 3072 380 3145 respiret.
425 3070 484 3127 Per
499 3069 650 3127 Christum
666 3070 835 3127 Dominum.

191 3167 325 3224 (iremus

188 3264 279 3336 Deus,
309 3267 394 3339 eujus
423 3266 612 3323 miseratione
636 3265 742 3323 animae
770 3264 903 3322 fidelium
931 3264 1129 3339 requiescunt,
1155 3263 1273 3321 famulis
1298 3262 1336 3318 et

128 3362 293 3418 famulabus
314 3363 375 3419 tuis
395 3363 532 3419 omnibus
550 3362 599 3419 hio
620 3368 650 3419 et
671 3363 780 3438 ubique
794 3363 827 3419 in
842 3362 960 3420 Christo
974 3361 1202 3437 quiescentibus,
1217 3360 1254 3417 da
1266 3376 1337 3434 pro·

129 3458 221 3532 pitius
236 3459 353 3515 renium
367 3467 561 3536 peecatorum,
577 3466 611 3516 ut
626 3480 644 3516 ι
657 3461 772 3518 eunetis
791 3460 922 3517 reatibus
942 3459 1071 3517 absoluti
1086 3466 1184 3518 tecum
1197 3459 1260 3516 sine
1273 3457 1339 3514 fine

129 3554 274 3612 laetentur.
319 3556 377 3613 Per
391 3558 517 3614 eundem
532 3557 685 3614 Christum
701 3558 864 3615 Dominum
879 3565 1021 3615 nostrum.

191 3652 323 3710 Oremus.
368 3655 478 3715 Oratio,

189 3754 337 3811 Fidelium
352 3757 434 3812 Deus
448 3756 581 3813 omniurn
598 3756 733 3812 eonditor
747 3761 777 3811 et
791 3755 967 3831 redemptor,
984 3753 1139 3810 animabus
1154 3751 1341 3810 famulorum

128 3851 364 3929 famularumque
387 3860 508 3911 tuarum
530 3855 732 3912 remissionem
760 3860 934 3910 cunctorum
958 3852 1056 3908 tribue
1080 3857 1272 3927 peecatorum,
1292 3841 1341 3901 ut

128 3949 353 4027 indulgentium,
384 3972 472 4026 quam
500 3971 616 4027 semper
643 3956 830 4027 optaverunt,
856 3951 914 4026 piis
942 3948 1208 4025 supplicationibus
1235 3954 1341 4003 cons&

129 4055 266 4121 quantur.
312 4049 371 4118 Qui
386 4050 463 4106 vivis
476 4055 507 4106 et
521 4067 633 4124 regnas.

188 4145 303 4201 Anime
326 4147 390 4221 ejus
412 4153 444 4205 et
467 4147 574 4204 animae
595 4145 727 4202 omnium
755 4143 887 4201 fidelium
915 4142 1122 4201 defunctorum
1146 4163 1199 4220 per
1222 4127 1339 4199 miseri·

128 4240 257 4299 cordium
273 4241 331 4299 Dei
344 4244 375 4300 in
390 4265 460 4320 paee
474 4243 667 4320 requiescant.
711 4239 839 4299 Amen*

246 4434 257 4456 ⁸
275 4433 327 4478 'rue
338 4433 452 4479 Romaim
463 4433 516 4479 MS.
528 4434 585 4479 hore
595 4432 664 4489 ends,
674 4431 735 4479 with
746 4435 760 4459 ‘⁴
767 4431 870 4492 Explicit
880 4431 992 4478 Manuale
1003 4429 1027 4477 in
1038 4445 1103 4478 usum
1114 4431 1197 4478 Edon'·
