2768 4852
464 310 668 378 inhumatis
689 311 861 399 Dessaacti.
1225 321 1266 385 99

117 495 254 555 Viduam
266 495 332 574 ejus
344 494 520 555 benedioens
535 494 725 553 benedicam:
745 514 887 572 pauperes
900 496 964 572 ejus
978 499 1117 555 saturabo
1131 494 1265 574 panibus.

120 592 294 652 Ssoerdotes
317 592 380 669 ejus
403 592 528 650 induam
551 591 688 650 salutari:
716 598 748 649 et
771 592 865 649 saneti
890 593 954 668 ejus
977 593 1162 652 exultatione
1186 597 1268 654 exul-

53 691 178 751 tabunt

120 786 200 844 Illuc
212 785 373 863 produosm
384 805 478 844 cornu
492 784 600 857 David,
615 783 720 862 paravi
733 785 882 844 lucernam
897 786 1017 845 Christo
1031 808 1104 847 meo.

121 883 264 942 Inimioos
291 883 356 960 ejus
382 882 506 941 induam
533 880 721 941 oonfusione:
756 901 844 959 super
869 884 967 960 ipsum
994 892 1095 944 autem
1122 887 1267 946 efflorebit

55 981 256 1041 sunctifioatio
269 1000 343 1039 mea.

122 1078 271 1155 Requiem
284 1083 434 1137 aeternam.

124 1181 304 1259 Antiphone.

56 1276 1268 1426 Q

1033 1414 1268 1425 ——-.

102 1456 181 1515 Hoeo
213 1455 390 1532 re-qui-es
423 1474 526 1513 me·a
573 1455 605 1512 in
656 1456 858 1513 sae·011-lum
885 1456 1046 1514 sae-ou-li:
1071 1457 1119 1514 hie
1145 1457 1248 1514 lia-bi·

53 1645 831 1780 m

106 1808 215 1867 ts-bo
245 1808 438 1884 quo-ni-am
475 1807 630 1884 e·le-gi
677 1827 776 1866 s-am

125 1964 224 2042 Kys-ie
237 1963 362 2040 eleyson.
406 1964 525 2023 Christe
538 1964 664 2041 eleyson.
708 1962 804 2040 Kysis
819 1963 946 2040 eleyson.

126 2062 218 2121 Pater
230 2068 337 2120 noster.
381 2061 515 2121 Oremus.

125 2159 218 2231 Deus,
233 2158 312 2235 apud
334 2178 423 2236 quem
447 2166 634 2217 mortuorum
657 2156 779 2235 spiritus
801 2156 915 2229 vivant,
931 2162 962 2213 et
978 2156 1010 2212 in
1031 2176 1090 2232 quo
1111 2157 1270 2215 electorum

54 2257 181 2328 anima,
194 2255 327 2332 deposito
337 2255 433 2314 carnis
444 2275 532 2313 onere
542 2254 639 2332 plena,
651 2252 794 2313 felicitate
807 2252 967 2324 laetantum
987 2258 1094 2328 praesta
1107 2255 1272 2329 supplicam

54 2356 148 2415 tibus
170 2353 257 2412 nobis
285 2359 322 2411 ut
348 2354 449 2412 anima
472 2353 577 2411 famuli
599 2353 654 2425 tui,
680 2370 746 2429 quae
769 2349 927 2426 temporali
947 2369 1001 2426 per
1024 2369 1128 2426 corpus
1149 2352 1271 2408 visionis

52 2451 156 2528 hujus
176 2449 300 2508 luminis
321 2449 417 2508 caruit
430 2450 506 2521 visu,
521 2456 639 2507 aetevnas
653 2450 734 2507 illius
750 2447 824 2506 lucis
839 2447 944 2506 solatio
958 2450 1107 2525 potiatur:
1129 2468 1189 2506 non
1203 2469 1271 2507 eum

54 2552 249 2606 tormentum
273 2546 377 2604 mortis
401 2545 538 2622 attingat,
560 2564 622 2603 non
645 2545 729 2603 dolor
749 2545 904 2602 horrendis
925 2546 1047 2602 visionis
1068 2547 1184 2619 afficiat,
1210 2565 1271 2603 non

53 2644 187 2724 psenalis
206 2644 298 2702 timor
319 2641 476 2714 excruciet,
491 2664 552 2701 non
573 2663 690 2702 reorum
712 2648 817 2701 eatena
841 2643 977 2718 proxima
998 2644 1182 2720 constringat
1191 2663 1200 2716 ;
1221 2644 1272 2701 sed

56 2758 201 2800 consessa
213 2740 270 2797 sibi
284 2741 417 2798 omnium
431 2739 606 2798 delictorum
616 2740 705 2798 venia
717 2747 827 2818 optatae
838 2740 948 2816 quietis
959 2747 1155 2817 consequatur
1164 2741 1272 2817 gaudia

57 2836 249 2915 repromissa.
292 2836 351 2894 Per
365 2836 518 2895 Christum
533 2836 697 2894 Dominum
710 2844 854 2895 nostrum.

128 2932 280 2992 Absolutio
293 2953 381 3010 semer
393 2953 498 3009 emptae
511 2933 546 2991 ia
558 2933 695 3009 salsulam.

130 3028 281 3089 Dominus
303 3030 393 3089 Jesus
417 3029 556 3091 Christus
576 3031 629 3107 qui
653 3031 739 3089 beato
764 3030 854 3089 Petro
878 3030 1010 3107 apostolo
1033 3031 1195 3107 ceterisque
1219 3031 1274 3089 dis·

65 3125 176 3205 cipulis
189 3127 250 3185 suis
263 3126 415 3185 licentiam
429 3126 512 3186 dedit
532 3127 644 3205 ligandi
665 3135 755 3204 atque
775 3126 956 3198 absolvendi,
971 3127 1033 3203 ipse
1047 3132 1077 3184 te
1091 3128 1224 3185 absolvat
1238 3129 1276 3186 ab

65 3225 152 3283 omni
172 3224 294 3283 vinculo
315 3224 510 3298 delictorum
534 3231 566 3284 et
585 3234 731 3303 quantum
753 3243 825 3281 mese
845 3223 1002 3300 fragilitati
1022 3226 1215 3300 permittitur,
1235 3225 1275 3282 sis

66 3320 224 3380 absolutus
246 3328 317 3379 ante
338 3321 471 3379 tribunal
495 3322 619 3380 Domini
639 3321 735 3381 nostri
754 3320 828 3379 Jesu
851 3320 970 3393 Christi,
994 3321 1160 3398 habeasque
1180 3323 1273 3379 vitam

67 3422 223 3492 numam,
237 3424 268 3477 et
283 3418 368 3476 vivas
381 3418 414 3475 in
427 3419 534 3477 sanila
547 3419 728 3477 saeculorum.
772 3418 879 3475 Amen.

131 3512 193 3572 Hie
205 3523 381 3591 aspersator
400 3534 512 3591 eorpus,
528 3524 554 3574 st
567 3515 732 3574 incasaetos
739 3535 752 3584 ,·
768 3523 870 3590 posteo
886 3514 1073 3606 ffl‘i‘iii..
1084 3525 1172 3589 tergo,
1181 3534 1275 3590 evm
1288 3572 1294 3581 ,

67 3630 178 3688 corpus
190 3610 226 3669 ia
238 3612 359 3671 modum
372 3612 474 3687 moia,
491 3613 643 3673 Sacerdote
658 3612 768 3671 dicente
777 3634 787 3671 .·

44 3700 123 3733 „m
130 3745 313 3824 Antiphone

10 3856 433 4143 ἓ
727 3980 1278 4116 Q

128 4189 458 4271 favamma)
824 4143 1210 4205 E·V·⁰·V·A·E·

127 4286 273 4363 Domine,
286 4289 420 4367 probasti
432 4308 488 4365 me,
504 4295 535 4348 et
548 4287 713 4366 cognovisti
726 4305 792 4346 me:

125 4386 178 4448 Tu
192 4386 358 4466 cognovisti
370 4386 529 4447 sessionem
543 4404 649 4460 meam,
665 4391 697 4445 et
708 4380 952 4443 resunsotionem
967 4397 1063 4439 meam
1075 4403 1082 4441 :
