2768 4852
332 327 423 395 Ordo
444 329 492 395 cei
515 327 798 397 Catecbumeaam
817 329 1038 398 Faciendum.
1264 330 1286 400 7

44 588 49 593 ⁸
132 512 230 588 Super
243 511 409 570 masculum
426 519 544 571 tentum
562 512 681 571 dicatur
700 511 794 573 matio
814 512 882 586 ieta,
896 532 991 572 manu
1006 511 1173 572 Sacerdotis
1189 531 1287 591 euper-

62 609 173 687 posita.
220 609 355 667 Oremus.

10 778 13 783 Ι
132 706 216 764 Deus
230 705 392 778 Abraham,
408 706 491 764 Deus
506 707 598 779 Isaac,
610 709 692 766 Deus
706 708 810 782 Jacob,
826 708 910 767 Deus
924 709 977 787 qui
991 707 1092 786 Moysi
1101 709 1216 776 ,famulo
1230 715 1284 769 tuo

10 788 15 867 ‚¹
66 802 103 862 in
127 809 229 860 monte
251 803 336 861 Sinai
360 803 535 880 apparuisti,
556 811 588 862 et
607 805 685 862 filios
709 805 804 864 Israel
825 805 863 864 de
886 813 968 864 terra
987 805 1116 883 AEgypti
1140 806 1282 881 eduxisti,

10 958 15 973 ,
67 900 217 977 deputans
238 900 281 957 eis
301 901 440 976 angelum
460 901 582 977 pietatis
600 909 670 975 tuae,
686 902 739 979 qui
756 903 919 963 custodiret
936 923 986 962 eos
1006 904 1054 961 die
1069 924 1104 961 ac
1123 911 1230 978 noete;
1250 910 1283 963 tc

10 982 16 991 Ι
67 1021 248 1078 quesumus,
274 1001 412 1073 Domine,
436 1006 470 1058 ut
496 1001 617 1060 mittere
637 1001 767 1079 digneris
787 1007 925 1060 sanctum
944 1001 1083 1079 angelum
1110 1008 1205 1072 tuum,
1228 1001 1281 1077 qui

66 1099 208 1157 similiter
235 1097 383 1156 custodiat
410 1103 441 1156 et
462 1097 543 1157 hunc
570 1100 715 1157 famulum
742 1106 830 1157 tuum
857 1097 909 1171 N„
931 1098 1280 1189 effleteuffli

10 1272 17 1281 .
56 1196 198 1291 gentiam
212 1196 355 1277 baptismi
364 1195 422 1279 ,tui
465 1194 536 1253 Sine
550 1195 609 1253 Per
623 1196 783 1255 Christum.

131 1293 291 1369 adjuratio
305 1312 393 1368 ereper
405 1291 570 1350 masculum
585 1301 709 1350 matum.

129 1391 218 1466 Ergo,
233 1389 390 1447 maledicte
404 1389 530 1462 diabole,
545 1408 717 1466 recognosce
730 1389 911 1448 sententiam
931 1395 1024 1461 tuam,
1039 1395 1070 1447 et
1084 1389 1122 1447 da
1135 1388 1279 1447 honorem

10 1470 16 1477 ⁵
66 1487 134 1545 Deo
149 1486 219 1544 vivo
233 1491 264 1543 et
273 1505 343 1543 vero
357 1507 363 1543 :
378 1485 415 1542 da
426 1485 567 1543 honorem
581 1485 604 1543 J
604 1505 657 1543 esu
671 1485 791 1543 Christo
805 1484 884 1544 Filio
898 1486 962 1562 ejus
972 1491 1003 1543 et
1013 1484 1140 1561 Spiritui
1154 1485 1274 1558 Sancto,

10 1566 14 1577 ⁵
66 1589 98 1642 et
123 1582 224 1639 recede
245 1582 358 1640 abhoc
379 1581 491 1639 famulo
511 1581 571 1640 Dei
591 1582 657 1651 N.,·
690 1582 762 1658 quis
781 1580 874 1640 istum
894 1582 952 1640 sibi
973 1581 1055 1640 Deus
1076 1588 1107 1639 et
1128 1581 1276 1640 Dominus

64 1687 169 1738 noster
205 1680 296 1738 Jesus
324 1677 462 1736 Christus
489 1679 527 1736 ad
554 1697 639 1736 suam
666 1683 800 1737 sanctam
826 1677 954 1755 gratiam
981 1683 1013 1735 et
1039 1676 1275 1736 benedictionem

18 1798 22 1803 ·
64 1782 239 1852 fontemque
254 1775 445 1850 baptismatis
464 1774 542 1832 dono
554 1792 660 1832 vocare
676 1774 816 1852 dignatus
831 1779 896 1847 est;
916 1780 946 1832 et
959 1773 1014 1832 hoc
1028 1774 1146 1851 signum
1166 1779 1275 1832 sancta

65 1870 390 1952 crucis,›1-Hicsaeict
399 1870 538 1929 Sacerdos
551 1870 669 1946 Quum
682 1879 789 1930 sancta
803 1871 898 1930 crucis
911 1871 945 1929 in
953 1870 1058 1946 fronte
1067 1869 1196 1945 infantie
1209 1889 1276 1928 cem

57 1971 173 2048 pollice,
196 1971 240 2027 ita
260 1969 379 2028 diceas:
406 1967 486 2043 quod
506 1987 560 2026 nos
578 1968 676 2027 fronte
698 1969 890 2045 ejusdemne,
910 1973 953 2040 tu,
972 1967 1128 2027 maledicte
1149 1967 1272 2040 diabole,

63 2087 220 2144 nunqnam
243 2067 351 2123 audeas
374 2065 494 2136 violare,
516 2085 570 2141 per
590 2085 658 2122 eum
682 2066 736 2142 qui
756 2071 902 2124 venturus
922 2071 967 2124 est
982 2064 1117 2141 judicare
1136 2064 1223 2123 viros
1243 2071 1274 2122 et

62 2172 198 2223 mortuos
212 2170 243 2221 et
256 2162 396 2220 saeculum
410 2181 463 2237 per
475 2161 585 2237 ignem.
627 2162 735 2223 Amen,

125 2269 285 2346 Adjuretio
300 2288 387 2343 saper
401 2268 566 2326 necesarium
579 2276 703 2328 temtum.

126 2368 217 2434 Deus,
242 2365 411 2422 immortale
434 2365 605 2440 praesidium
629 2365 763 2422 omnium
790 2365 1017 2442 postulantium,
1042 2365 1179 2422 liberatio
1206 2384 1272 2442 sup
1376 2384 1379 2393 ·

60 2465 184 2543 plicam,
213 2482 274 2538 pax
301 2461 480 2537 rogantium,
508 2461 573 2517 vita
600 2461 793 2532 credentium,
821 2461 998 2520 resurrectio
1022 2467 1217 2533 mortuorum,
1241 2470 1272 2520 tc

61 2562 172 2618 invoco
187 2557 325 2627 Domine,
340 2575 430 2631 serpen
446 2555 525 2613 hunc
538 2555 684 2613 famulum
701 2561 789 2613 tuum
803 2555 838 2612 N
836 2599 854 2628 .,
868 2557 922 2631 qui
938 2557 1081 2632 baptismi
1095 2556 1141 2613 tui
1160 2556 1271 2616 donum

61 2662 169 2734 petens
200 2659 342 2711 aeternam
367 2652 506 2726 consequi
532 2651 661 2728 gratiam
688 2651 838 2727 spirituali
865 2651 1086 2728 regeneratione
1113 2651 1269 2712 desiderat.

60 2752 174 2828 Accipe
193 2769 269 2821 eum,
292 2748 430 2820 Domine,
455 2754 485 2805 et
506 2748 577 2824 quia
600 2748 741 2824 dignatus
764 2766 795 2806 es
818 2748 925 2822 dicere,
940 2748 1040 2806 Petite
1060 2753 1091 2806 et
1111 2748 1270 2824 accipietis,

60 2849 187 2927 quaerite
201 2852 232 2905 ct
245 2845 413 2914 invenietis,
426 2844 542 2922 pulsate
555 2851 587 2902 et
600 2845 751 2922 aperietur
763 2845 863 2918 vobis5
876 2845 992 2923 petenti
1004 2845 1105 2922 itaque
1115 2845 1270 2922 praemium
1319 2896 1321 2902 .

60 2946 188 3022 porrige,
209 2950 240 3001 et
255 2944 381 3020 januam
402 2941 498 3018 pande
518 2942 651 3018 pulsanti
662 2962 672 3015 ,·
693 2948 730 2999 nt
749 2947 890 3000 aeternam
911 2941 1034 3001 caelestis
1052 2942 1163 3000 lavacri
1184 2943 1270 3002 bene·

58 3032 221 3100 ilietionem
232 3047 407 3100 consecutus
417 3041 560 3117 promissa
571 3040 617 3097 tui
628 3040 760 3098 memerls
769 3060 861 3118 regna
871 3040 1023 3118 percipiat.
1046 3040 1105 3100 Per
1116 3040 1269 3100 Christum

61 3139 235 3197 Dominum.

122 3234 281 3310 adjuratio
294 3252 382 3309 super
396 3232 540 3291 otescalce
550 3241 667 3291 tantum
680 3233 743 3292 siae
757 3233 892 3291 Cremna.

121 3332 211 3401 Audi,
233 3331 388 3388 maledicte
402 3331 531 3402 Satana3
552 3330 707 3406 adjuratus
720 3349 773 3405 per
793 3348 902 3387 nomen
920 3329 1023 3387 aeterni
1038 3329 1098 3387 Dei
1115 3335 1146 3387 et
1169 3329 1268 3389 Salve·

60 3429 135 3488 toris
158 3429 254 3487 nostri
274 3429 296 3486 J
298 3449 350 3486 esu
375 3411 488 3485 Christi
518 3426 590 3484 Filii
613 3429 686 3503 ejus,
712 3446 778 3484 cum
805 3433 859 3484 tna
883 3426 980 3484 victus
1001 3425 1115 3484 invidia
1136 3434 1268 3486 tremens

58 3545 238 3603 gemensque
269 3525 402 3582 discede:
438 3523 515 3581 nihil
556 3524 613 3580 tibi
644 3523 685 3581 eit
715 3541 870 3581 commune
902 3541 970 3580 cum
1001 3541 1085 3580 servo
1117 3523 1176 3580 Dei
1202 3525 1267 3599 jam

58 3621 187 3680 caelestia
200 3621 352 3696 cogitanti,
368 3620 579 3678 renuntiaturo
592 3619 650 3676 tibi
663 3626 693 3676 et
706 3619 813 3678 saeculo
827 3624 880 3677 tuo
895 3625 926 3677 et
939 3619 1033 3676 beatae
1047 3619 1268 3677 immortalitati

57 3719 184 3777 victuro,
227 3718 276 3776 Da
296 3718 390 3794 igitur
402 3716 544 3774 honorem
565 3716 739 3774 advenienti
759 3715 887 3792 Spiritui
902 3715 1021 3787 Sancto,
1036 3716 1087 3790 qui
1102 3735 1139 3772 ex
1154 3735 1269 3773 sunrmn

57 3816 124 3876 caeli
137 3834 203 3873 arec
217 3814 404 3884 descendens,
419 3812 601 3891 perturbatis
620 3812 775 3871 fraudibus
795 3812 865 3883 tuis,
881 3811 983 3869 divino
1003 3811 1087 3868 fonte
1107 3819 1267 3887 purgatum

56 3918 170 3990 pectus,
185 3911 216 3967 id
236 3916 282 3968 est
301 3910 518 3967 sanctificatum
538 3909 603 3967 Deo
617 3909 762 3985 templum
783 3915 814 3966 et
833 3906 1045 3977 habitaculum,
1060 3907 1210 3981 perficiat:
1235 3915 1267 3966 et

55 4010 95 4067 ab
116 4008 253 4065 omnibus
266 4009 385 4084 penitus
399 4009 497 4066 noxiis
517 4007 736 4082 praeteritorum
756 4006 914 4065 criminum
934 4004 1077 4061 liberatus
1090 4023 1192 4061 servus
1206 4005 1266 4064 Dei

55 4105 168 4183 gratias
187 4124 331 4181 perennes
351 4104 416 4162 Deo
430 4105 539 4162 reserat
560 4123 682 4181 semper,
697 4109 728 4162 et
748 4102 903 4162 benedicet
922 4119 1031 4158 nomen
1045 4100 1108 4176 ejus
1128 4109 1264 4160 sanetum

56 4202 210 4261 meacula
224 4202 404 4260 saemrlorum.
447 4199 553 4259 Amen

118 4298 279 4375 Adjwatio
303 4315 390 4375 seipse·
411 4297 555 4356 macules
578 4304 695 4355 tautum
718 4294 780 4355 siae
802 4293 950 4353 Dominus
974 4293 1132 4366 vobiscum,
1154 4295 1264 4356 steine

56 4398 193 4458 oremus.
