2760 4860
447 304 701 372 Commendatio
723 305 949 373 Animorum.

136 489 239 550 Pater
250 493 361 549 noster.
405 487 448 547 E:
460 506 499 546 ne
512 507 568 546 nos
581 487 706 547 inducas
719 489 753 546 in
766 491 1004 568 temptationem.

137 587 293 666 Requiem
306 593 451 646 :eternam
464 586 543 644 dona
555 586 607 658 eie,
623 586 770 646 Domine:

138 683 187 744 Bt
199 684 254 743 lux
266 689 414 762 perpetua
426 681 525 741 luceat
537 682 587 741 eis

139 781 260 840 Anime
271 782 337 857 ejus
350 781 384 837 in
397 779 484 838 bonis
496 779 667 838 demoretur
680 801 688 840 ε

140 875 187 935 Et
198 896 300 936 semen
314 878 379 953 ejus
392 876 541 935 hereditet
553 882 672 935 terram.

141 973 217 1033 Non
230 975 325 1033 intres
338 975 372 1032 in
380 974 530 1052 judicium
544 993 613 1033 cum
626 993 711 1033 servo
724 978 788 1048 tuo,
803 971 950 1035 Domine:

142 1070 224 1142 Quia
236 1090 297 1129 non
307 1070 526 1148 justificabitur
538 1071 570 1128 in
585 1075 744 1147 conspectu
759 1077 811 1129 tuo
824 1070 921 1130 omnis
934 1072 1047 1132 vivens

143 1166 177 1225 A
189 1174 278 1244 ports
290 1167 398 1226 inseri:

145 1262 234 1335 nme,
249 1263 388 1335 Domine,
402 1261 517 1321 animas
531 1281 641 1321 eorum.

146 1359 346 1438 Requiescant
359 1360 392 1417 in
405 1378 485 1437 pace.
527 1361 636 1417 Amen

145 1454 292 1515 Dominus
305 1456 467 1516 vobiscum.
511 1456 553 1514 Et
567 1475 635 1515 cum
649 1455 759 1534 spiritu
773 1460 834 1514 tuo.

145 1553 279 1613 Oremus.
323 1554 434 1613 Oratio.

144 1647 265 1710 Partem
286 1652 381 1710 beetae
402 1650 628 1709 resurrectionis
649 1650 793 1723 obtineat,
808 1650 961 1728 vitamque
982 1659 1123 1711 aeternnm
1144 1663 1293 1715 mereatur

101 1740 187 1806 lebete
200 1748 233 1806 in
247 1747 327 1806 caelis
339 1767 393 1825 per
405 1754 446 1820 te,
460 1747 483 1805 J
484 1766 534 1806 esu
550 1745 668 1804 Christe
682 1744 821 1804 Salvator
833 1748 948 1821 mundi,
966 1748 1105 1819 Quicum
1121 1750 1187 1809 Deo
1201 1750 1292 1811 Patre

103 1842 239 1920 oupiritu
254 1845 365 1904 Sancto
378 1845 500 1904 vivis'et
514 1863 620 1921 regnas
634 1843 717 1902 Deus
730 1845 898 1921 peremnia
911 1846 1017 1904 saecula
1030 1847 1211 1906 soeculorum.

147 1939 275 2000 Oremus
320 1940 431 2000 Oratio.

146 2034 231 2110 Deus,
254 2037 304 2096 cni
325 2037 381 2095 soli
402 2038 545 2114 competit
568 2037 746 2096 medicinam
768 2043 909 2114 praestare
930 2045 997 2116 post
1018 2047 1152 2112 mortem,
1172 2050 1288 2119 praesta,

103 2142 252 2207 quesumus,
268 2141 305 2192 ut
324 2135 425 2192 anima
446 2135 551 2192 famuli
572 2134 619 2192 tui
639 2133 680 2193 N.
696 2135 824 2193 terrenis
844 2142 937 2194 exuta
958 2138 1102 2216 contagiis
1122 2138 1156 2196 in
1169 2145 1230 2198 tuae
1244 2160 1289 2199 re·

103 2220 256 2308 demptionis
270 2240 355 2310 perte
368 2239 548 2291 muneretur.
592 2233 653 2302 Qui
665 2233 745 2291 vivis
758 2239 789 2291 et
802 2253 914 2311 regnas.

147 2328 244 2390 Postea
258 2330 372 2389 locetur
380 2330 522 2390 Sacerdos
532 2351 552 2388 o
561 2330 765 2390 sacerdotibus.
812 2331 885 2392 Post
894 2332 1044 2390 induatur
1056 2343 1091 2392 at
1104 2336 1176 2394 ordo
1189 2337 1287 2412 estoit,

106 2424 158 2484 to
160 2427 270 2503 feretro
277 2437 421 2505 poetatur,
437 2438 463 2487 et
476 2438 651 2505 aspernatur
663 2437 690 2488 et
702 2429 877 2501 insereretur,
892 2440 919 2488 et
932 2431 1051 2488 dicotur
1063 2432 1122 2490 lenc
1138 2432 1260 2494 Oratio:

146 2521 269 2601 Snscipe,
283 2524 419 2597 Domine,
435 2525 566 2582 animam
586 2525 666 2582 servi
685 2525 741 2596 tui,
756 2545 846 2601 quam
861 2525 898 2583 de
911 2525 1060 2601 ergastulo
1080 2526 1171 2602 hujus
1187 2529 1288 2587 saeculi

103 2624 182 2678 Vlcere
194 2620 335 2698 dignatus
348 2639 398 2694 ως
418 2626 449 2678 et
462 2621 557 2679 libera
570 2640 636 2678 eam
649 2621 686 2678 de
699 2621 885 2698 principibus
905 2619 1105 2692 tenebrarum,
1120 2622 1202 2682 etde
1215 2624 1287 2684 locis

101 2720 235 2789 penarum,
263 2723 299 2774 ut
321 2716 462 2775 'absoluta
489 2717 622 2775 omnium
650 2717 778 2775 vinculis
809 2718 986 2775 delictorum
1014 2718 1122 2793 quietis
1149 2739 1184 2777 ac
1210 2720 1286 2779 lucis

100 2813 192 2871 eternae
212 2813 399 2871 beatitudine
419 2812 599 2889 perfruatur,
613 2820 644 2870 et
660 2813 740 2870 inter
760 2820 877 2870 sanctos
890 2821 922 2870 et
935 2814 1042 2871 electos
1063 2821 1131 2873 tuos
1145 2816 1177 2873 in
1191 2836 1285 2876 resur·

98 2909 212 2967 atonis
234 2910 330 2987 gloria
352 2910 522 2967 resuscitari
546 2915 714 2968 mereatur:
752 2909 813 2980 Qui
840 2911 919 2968 vivis
943 2917 973 2969 et
997 2932 1102 2989 regnas
1126 2914 1209 2973 Deus
1231 2934 1284 2992 per

95 3007 173 3064 onus
185 3008 293 3065 saecnla
305 3007 485 3067 saeculorum.
529 3008 638 3066 Amen.

96 3132 99 3136 >
137 3103 310 3163 diomedem:
336 3103 417 3180 quod
436 3115 505 3180 post
529 3106 807 3165 eoosmeodotioneoe
831 3125 1011 3166 cooamuaem
1030 3109 1071 3167 sic
1095 3111 1220 3170 dicendo
1245 3117 1286 3169 est

89 3194 243 3277 almiphona
253 3223 263 3258 .·

134 3298 279 3376 Requiem
293 3303 435 3355 aeternam
449 3298 527 3355 dona
540 3297 591 3368 eie,
606 3295 753 3357 Domine:

130 3394 170 3453 Et
183 3396 240 3452 lux
254 3401 397 3471 perpetua
409 3395 506 3452 luccat
521 3394 571 3452 eis.

129 3492 227 3570 Kyrie
241 3493 370 3568 eleyson.
413 3490 531 3550 Christe
546 3494 673 3570 eleyson.
718 3497 815 3574 Kyrie
828 3497 954 3575 eleyson.

128 3589 221 3648 Pater
234 3595 345 3647 noster.
389 3589 431 3646 Et
444 3609 481 3648 ne
495 3610 556 3648 nos.

127 3686 279 3764 Requiem
292 3692 435 3745 :eternam
449 3687 527 3744 dona
540 3689 591 3761 eis,
608 3690 756 3748 Domine:

126 3783 170 3841 Et
182 3784 239 3841 lux
253 3789 397 3860 perpetua
410 3783 509 3842 lucent
522 3785 572 3842 eis.

126 3881 225 3941 Credo
238 3880 344 3939 videre
355 3881 434 3940 bona
447 3882 589 3941 Domini:

125 3979 165 4037 In
179 3985 263 4036 terra
276 3977 453 4036 virentium.

122 4077 157 4134 A
170 4083 260 4153 porta
273 4074 382 4133 inferi:

123 4173 217 4243 Eme,
232 4171 373 4244 Domine,
388 4172 501 4231 animos
515 4192 624 4233 corum.

123 4270 277 4328 Dominus
292 4269 452 4328 vobiscum.

122 4365 165 4423 Et
179 4383 251 4423 cum
264 4363 374 4441 spiritu
388 4371 450 4425 tuo.
