2760 4860
466 107 641 195 quuioe
663 107 890 174 Mortuerum.

104 289 267 349 Psalmo
279 290 423 367 (mie.)

108 396 301 476 Expendens
313 396 475 474 expectavi
488 394 665 468 Dominum,
681 401 713 453 et
726 394 858 454 intendit
872 395 954 452 mihi.

115 500 166 560 Et
178 501 346 563 medius
358 519 461 579 preoes
474 518 574 560 mess:
594 505 626 558 et
639 499 747 559 eduxit
762 518 810 558 me
831 499 867 557 de
887 498 954 557 laeu
975 498 1110 572 miserie,
1125 501 1205 561 etde
1219 503 1284 561 luto

89 618 151 660 sna

120 697 170 755 Et
183 696 298 755 statuit
311 715 402 772 snper
413 700 531 772 petram
544 694 634 771 pedes
646 713 745 753 meos:
766 702 797 752 et
810 693 922 752 direxit
934 713 1051 771 gressus
1064 714 1152 753 meos.

124 801 173 859 Et
185 800 316 859 immisit
330 800 364 858 in
376 819 410 859 os
423 818 525 857 meum
537 798 687 859 eautieum
701 818 822 872 norum,
837 818 956 858 carmen
971 799 1037 858 Deo
1049 807 1160 859 nostro.

126 905 293 965 Videbunt
306 905 405 978 multi,
419 911 452 962 et
464 904 635 965 timebunt:
656 910 688 963 et
701 904 864 982 sperabunt
877 904 908 963 in
923 904 1061 964 Domino.

128 1010 248 1069 Bestus
264 1010 322 1083 vir,
336 1011 423 1086 enjus
444 1016 491 1068 est
511 1029 620 1068 nomen
639 1010 763 1068 Domini
784 1029 850 1088 spes
871 1010 953 1086 ejus:
981 1016 1013 1068 et
1030 1028 1090 1068 non
1105 1011 1238 1087 respexit
1252 1012 1283 1068 in

89 1106 231 1181 unitates,
245 1112 277 1165 et
290 1106 422 1165 insanias
435 1107 531 1165 falsas

130 1212 236 1271 Multa
247 1211 345 1271 iecisti
358 1217 403 1283 tu,
415 1211 545 1270 Domine
559 1212 642 1271 Deus
656 1232 747 1285 meus,
759 1200 908 1271 mirabilis
917 1219 988 1271 tua:
1009 1217 1041 1271 et
1055 1210 1285 1292 eogitationibus

89 1309 134 1369 uis
145 1329 209 1369 non
222 1316 270 1369 ent
282 1310 335 1388 qui
349 1309 458 1367 similis
470 1311 511 1368 sit
525 1310 591 1368 tibi.

132 1415 337 1488 Amantiam,
352 1421 384 1476 et
396 1415 513 1476 loeutus
526 1435 610 1475 sum:
631 1415 825 1493 multiplieati
838 1423 911 1475 snnt
923 1395 1013 1494 super
1026 1435 1192 1475 numerum.

133 1520 328 1595 Samifimnm,
344 1526 376 1580 et
389 1520 570 1579 oblationem
583 1520 727 1580 noluisti:
747 1540 834 1579 auree
846 1527 948 1579 autem
961 1521 1111 1599 perfecisti
1125 1521 1207 1579 mihi.

134 1624 354 1686 Holoeanstum
368 1631 400 1684 et
412 1644 467 1702 pm
480 1631 600 1702 peceato
614 1644 676 1683 non
688 1624 866 1702 postulasti:
888 1630 961 1684 tuno
975 1625 1051 1699 dixi,
1066 1625 1142 1684 Eeoe
1155 1626 1250 1684 venio.

134 1731 174 1792 In
192 1733 292 1811 eapite
312 1731 384 1790 libri
403 1733 547 1811 seriptum
566 1737 613 1790 est
634 1730 672 1790 de
693 1718 750 1803 me,
771 1738 808 1789 ut
827 1730 954 1789 faoerem
973 1730 1161 1790 voluntatem
1180 1736 1281 1791 tuamr

90 1820 157 1887 Deua
168 1847 264 1902 mens,
277 1827 371 1901 volui,
387 1833 418 1886 et
431 1827 526 1905 legem
539 1833 625 1885 tuam
637 1826 672 1885 in
684 1826 783 1886 medio
796 1828 893 1886 eordis
905 1827 973 1886 mei

136 1937 329 1997 Amantisvi
345 1936 501 2015 justitiam
520 1943 605 1997 tuem
626 1938 661 1998 in
680 1937 813 1998 Eeelesis
826 1957 950 2016 magns:
972 1956 1037 1997 eooe
1050 1937 1130 1997 labia
1142 1958 1209 1998 mea
1221 1959 1282 1999 non

90 2033 253 2107 prohibebo:
275 2035 415 2107 Domine,
428 2040 464 2092 tu
478 2035 581 2094 scisti:

136 2140 296 2206 suetum
315 2148 401 2202 tuem
424 2160 486 2200 non
512 2142 654 2201 abseondi
676 2142 709 2200 in
731 2141 819 2201 eorde
840 2159 923 2201 meo:
954 2139 1113 2198 veritatem
1135 2147 1228 2212 tuam,
1251 2149 1282 2200 et

89 2236 204 2300 duam
215 2244 306 2298 tuum
318 2239 392 2300 dixi
819 2230 823 2239 ’

137 2343 208 2404 Non
232 2344 375 2405 abscondi
401 2343 633 2402 misericordiam
657 2349 749 2417 tuem,
773 2350 805 2403 et
827 2343 986 2402 veritatem
1009 2346 1094 2398 tuam
1117 2358 1136 2397 a
1159 2341 1282 2400 oonsilio

90 2438 179 2501 nulto.

137 2534 183 2597 1⁸·
194 2543 308 2609 uum,
322 2535 461 2610 Domine,
476 2555 516 2595 ne
528 2536 616 2614 longe
636 2535 727 2595 boias
746 2536 951 2605 miserationes
971 2540 1039 2592 tuas
1052 2551 1071 2592 a
1085 2551 1150 2593 me:
1170 2533 1282 2594 miseri-

89 2632 176 2693 ouis
187 2640 244 2693 tus
256 2640 290 2692 et
302 2633 413 2691 veritas
426 2639 480 2690 tua
492 2652 609 2710 semper
621 2639 814 2712 susoeperunt
828 2653 884 2694 me.

137 2739 285 2812 Quoniam
303 2737 562 2797 circumdederunt
583 2757 630 2797 me
651 2737 738 2811 mala,
753 2758 880 2816 quorum
894 2757 953 2797 non
968 2745 1013 2797 est
1026 2757 1186 2798 numerus:
1207 2759 1282 2798 eom-

89 2837 298 2913 prehendernnt
310 2856 359 2894 me
371 2836 546 2914 iniquitates
559 2855 642 2909 mee,
657 2843 689 2894 et
701 2856 763 2894 non
776 2837 871 2914 potui,
885 2844 921 2895 ut
934 2837 1073 2895 viderem.

136 2943 348 3023 Multiplioatae
362 2949 434 3002 sunt
447 2962 536 3021 super
549 2943 671 3020 oepillos
685 2943 791 3020 capitis
804 2943 881 3001 mei:
900 2950 932 3002 et
945 2962 995 3001 cor
1008 2962 1107 3002 meum
1121 2945 1281 3023 dereliquit

89 3059 129 3100 ne.

135 3138 326 3217 complaceat
340 3136 405 3210 tibi,
423 3137 562 3210 Domine,
577 3142 614 3195 ut
626 3156 712 3196 eruas
726 3156 790 3195 me:
813 3137 950 3208 Domine,
965 3137 1003 3195 ad
1016 3139 1220 3216 adjuvandum
1234 3160 1281 3199 me

89 3254 192 3314 κριοῦ.

134 3340 377 3412 Confundentnr‚
392 3344 424 3397 et
437 3345 630 3398 revereantur
642 3338 741 3410 simul,
757 3338 810 3415 qui
829 3344 968 3415 qnaerunt
981 3340 1112 3400 animam
1127 3360 1231 3412 meam,
1246 3349 1282 3399 ut

89 3437 211 3497 uferms
222 3456 299 3497 eam.

132 3543 360 3602 convertentur
372 3547 545 3613 retrorsum,
560 3547 591 3599 et
604 3546 804 3614 revereantur,
818 3541 872 3619 qui
885 3540 992 3600 volunt
1005 3544 1079 3601 mihi
1093 3541 1178 3600 mala
1261 3619 1263 3623 ἲ

132 3648 247 3707 Ferant
260 3644 418 3706 oonfestim
432 3645 634 3703 confusionem
647 3665 741 3718 suam,
755 3646 808 3723 qui
821 3645 926 3704 dieunt
940 3646 1033 3705 mihi:
1054 3647 1147 3722 Euge,
1161 3662 1242 3722 euge.

133 3735 295 3823 Exnlteut,
306 3757 338 3809 et
347 3749 489 3809 laetentur
501 3769 590 3827 super
600 3756 631 3809 te
641 3770 742 3809 omnes
752 3757 919 3828 quaerentes
930 3757 960 3809 te
971 3771 977 3810 :
998 3757 1029 3810 et
1039 3750 1140 3809 dicent
1150 3767 1281 3826 semper:

89 3849 288 3930 isgnifioetnr
301 3849 460 3922 Dominus,
475 3848 527 3927 qui
541 3848 671 3927 diligunt
683 3849 813 3908 salutare
826 3855 922 3908 tunm.
1242 3845 1244 3848 ⁴

132 3954 200 4033 Ego
212 3960 316 4013 antem
330 3953 484 4013 mendicus
496 3972 572 4025 sum,
587 3958 618 4011 et
631 3972 760 4031 pauper:
781 3953 930 4011 Dominus
943 3951 1087 4012 sollicitus
1100 3958 1147 4011 est
1159 3952 1226 4012 mei.

130 4058 375 4136 Adjutormeus,
390 4063 419 4115 et
434 4050 584 4135 protector·
597 4075 681 4117 meus
694 4063 729 4116 tu
743 4077 791 4115 es:
813 4057 896 4116 Deus
910 4076 1002 4129 meus,
1016 4077 1055 4117 ne
1068 4057 1239 4117 tardaveris

132 4161 284 4240 Requiem
297 4166 449 4219 oeteruam.
