2760 4860
407 441 498 510 Ordo
518 441 565 507 ad
581 441 749 528 socienda
770 441 963 529 Sponsolia.
1251 446 1293 508 25

112 623 148 683 Si
169 644 240 685 aero
260 624 387 700 aliquis
407 623 651 700 impulimentsun
664 623 788 701 aliquod
803 644 967 702 proponere
988 627 1112 685 uoluerit
1134 634 1160 686 et
1180 626 1224 686 ad
1243 626 1296 686 boc

89 720 248 781 abundum
269 722 448 782 cautionem
459 722 639 797 praetiterit,
659 722 839 799 differantur
852 723 1003 800 sponsalia
1016 725 1105 783 dorna
1128 725 1172 784 rei
1186 725 1295 785 veritas

89 828 267 891 innonatur.
329 837 332 841 ’

127 923 200 982 Non
216 924 335 999 fidabit
358 922 502 983 Sacerdos
525 943 577 984 nee
600 925 755 984 consentiet
775 926 817 984 od
832 925 1011 1001 fidationern
1038 926 1116 985 inter
1141 926 1240 985 uirum
1267 936 1295 987 et

89 1018 220 1078 nulierem
233 1030 305 1080 ante
318 1020 440 1080 tertium
447 1020 574 1079 uliatrms
585 1021 759 1081 barenornm.
795 1022 884 1082 Debet
898 1023 977 1081 enirn
986 1022 1129 1082 Sacerdos
1143 1022 1245 1082 banna
1258 1023 1294 1083 in

89 1112 148 1174 iocis
163 1116 303 1177 Eedesiss
320 1117 409 1195 insra
426 1116 591 1178 Missurum
607 1119 768 1192 sollemnia,
783 1140 851 1178 cum
869 1119 966 1197 umjor
984 1120 1105 1196 affuerit
1121 1120 1293 1194 multitudo,

89 1195 128 1284 pei·
140 1223 194 1274 tres
206 1215 269 1275 dies
282 1215 433 1274 sollensnes
442 1224 468 1274 et
481 1215 642 1293 disjunctos
650 1217 853 1293 interroqore;
868 1218 912 1276 ita
922 1219 1002 1294 qnod
1015 1219 1093 1278 inter
1102 1237 1294 1294 unumquem-

95 1328 136 1384 que
148 1314 221 1372 diem
234 1313 402 1374 sollemnem
415 1313 501 1374 cadat
514 1314 557 1373 ad
568 1315 669 1374 ocinus
688 1336 753 1374 una
773 1316 835 1376 dies
849 1314 1084 1393 (serialis-Sir
1096 1316 1127 1375 J.
1144 1316 1294 1374 Lawson's

99 1406 143 1464 nd
153 1408 237 1468 York
251 1409 357 1488 MSS.)

147 1523 181 1582 Et
202 1526 369 1584 rsatariduns
393 1526 472 1601 quod
493 1525 672 1586 sollemnitas
696 1527 882 1587 erratrimonii
900 1528 1074 1605 prohibetur
1097 1526 1235 1586 celebrari
1257 1527 1295 1586 ab

107 1613 216 1678 Adsensu
228 1620 361 1695 Domini,
373 1621 408 1680 id
421 1631 462 1681 est
475 1643 495 1681 a
502 1622 608 1700 prima
621 1623 781 1683 Dominica
795 1623 830 1682 iu
842 1623 981 1683 Adventu
994 1623 1136 1683 irnlusioe
1149 1642 1240 1699 usque
1253 1623 1296 1682 ad

110 1709 206 1777 Oetaeos
226 1719 407 1797 Epiphania
429 1721 593 1793 inclusioe;
616 1731 643 1781 et
666 1741 687 1780 a
709 1721 933 1798 Septuapesinsa
955 1742 1047 1798 usque
1069 1730 1135 1800 post
1161 1722 1294 1796 Oetaeas,

111 1806 209 1889 lasela,
223 1818 257 1875 id
275 1826 315 1877 est
331 1827 399 1895 post
423 1818 613 1878 Dominicam
636 1819 672 1877 in
694 1818 802 1890 Albis;
827 1827 853 1878 et
874 1840 894 1878 a
910 1820 1016 1897 priora
1033 1821 1081 1878 die
1097 1821 1296 1896 Ropationum

111 1902 220 1973 mun
233 1915 379 1990 usquead
392 1923 528 1974 ocmoum
540 1915 618 1974 diens
626 1923 694 1992 post
705 1916 898 1991 Pentecosten,
914 1918 967 1992 qui
980 1925 1020 1976 est
1034 1918 1068 1974 in
1081 1917 1165 1976 Festo
1180 1915 1296 1975 Serretes

113 1997 240 2070 ltlsitatis
256 2011 406 2072 inclusive.
448 2011 492 2071 Et
508 2014 573 2072 ideo
590 2014 644 2090 qui
662 2013 812 2090 intermunt
832 2015 971 2074 odebrare
988 2015 1113 2091 nuptias
1130 2015 1165 2073 in
1180 2013 1297 2074 Octaois

113 2092 257 2177 Eripiamae
270 2118 297 2168 et
310 2109 345 2167 in
358 2109 519 2170 Dominiea
532 2111 566 2170 in
579 2110 664 2171 Albis
673 2119 700 2170 et
709 2112 744 2170 in
757 2111 842 2171 Festo
856 2111 971 2171 Sancta
985 2111 1144 2172 Trinitatis
1156 2112 1296 2172 ridentur

114 2188 231 2264 elnonem
242 2206 360 2265 υἰοὶανεἸ

156 2302 248 2370 'Unde
261 2332 363 2371 vereris
373 2313 475 2389 pertiti.

116 2441 184 2509 ‘bnis
294 2456 418 2504 hominem
526 2458 646 2505 dedorunt
729 2457 801 2506 modo
926 2463 1036 2505 rostrum
1096 2458 1130 2504 sit
1145 2457 1170 2503 S.
1188 2456 1298 2504 Trinius

117 2532 238 2595 tsncms
292 2548 459 2597 vorsum
524 2549 655 2598 emonis
726 2549 832 2604 QUASI
924 2549 1004 2602 oms
1096 2547 1296 2594 sesemen

118 2623 247 2690 &abaci
292 2643 350 2690 Post
362 2645 461 2692 Ortaras
519 2644 603 2691 Prima
613 2644 711 2705 Septua·
726 2644 893 2692 PostOctaros
922 2643 1064 2689 PrimaIio·
1097 2641 1153 2687 Post
1164 2641 1255 2687 Festum

138 2696 170 2742 Μ
316 2703 455 2763 Epiphania
540 2704 632 2764 pesirna
750 2703 849 2753 Pacta
946 2702 1066 2763 patiacum
1122 2699 1245 2747 Trinitatis

119 2774 201 2838 leioet
292 2794 400 2842 lliciieet
518 2797 619 2843 Isaeum
728 2796 836 2844 Iliclicet
921 2794 1039 2842 Nonliret
1099 2793 1209 2840 IIiclicet

159 2908 256 2977 *Debet
276 2918 367 2976 etiarn
386 2917 528 2978 ›S‘ssecrslos
549 2921 708 2979 ternnnum
722 2923 873 2996 prnfiqere
892 2928 1091 2995 competentem
1112 2917 1299 2993 infrequens

118 3004 269 3074 sainture
283 3015 449 3074 obsoluerit
463 3018 625 3092 lepitimum
645 3027 774 3094 opponat
794 3018 1042 3092 impedimentum.
1086 3016 1126 3073 El
1144 3016 1171 3073 si
1185 3026 1299 3074 coutro-

118 3093 184 3168 lena
194 3115 372 3174 diuersorum
386 3116 447 3174 siret
459 3117 719 3193 parochianorum,
736 3125 807 3174 terno
820 3116 854 3173 in
867 3125 993 3191 utraque
1011 3115 1145 3173 Ecclesia
1160 3115 1298 3191 parocbi-

118 3211 435 3273 “mindonensem
455 3214 554 3272 banna
574 3213 793 3287 interroqandu.
850 3210 886 3269 Si
906 3221 1003 3269 autern
1023 3210 1115 3269 senius
1129 3218 1154 3268 et
1173 3210 1299 3285 missilem

118 3296 158 3359 ‘ili
176 3313 327 3385 parocbia,
362 3324 432 3373 tsine
475 3322 593 3372 tareteun
632 3314 665 3371 in
696 3297 840 3371 Eccksiri
868 3311 952 3370 illius
984 3310 1165 3387 parochiani
1199 3311 1299 3367 bunnia

118 3389 304 3485 birunnun
346 3412 486 3471 Sacerdos
500 3431 564 3471 aero
578 3411 631 3487 qui
645 3411 801 3470 eorstraatis
816 3410 1087 3469 matrimonialibus
1104 3418 1173 3467 urite
1187 3409 1300 3467 trinam

117 3497 247 3569 ”illimem
273 3511 531 3587 interropatronem
559 3511 734 3581 bannorum,
755 3520 790 3568 ut
812 3511 991 3585 pradictum
1012 3518 1061 3580 est,
1078 3509 1301 3583 pressurnpserit

117 3590 226 3680 Weiss,
235 3629 357 3684 paream
369 3608 569 3685 mespenssonis
581 3608 617 3666 ab
631 3609 721 3682 officio
730 3629 786 3684 per
801 3608 964 3666 triennium
977 3606 1114 3665 incurrit.
1157 3604 1301 3663 Similiter

116 3686 224 3763 &udos
235 3705 439 3782 parochianus
459 3706 513 3781 qui
534 3705 725 3764 rreatrirnoniu
740 3704 921 3763 clcsnskstina
943 3705 977 3762 in
993 3700 1139 3779 parocbia
1159 3722 1215 3759 sua
1232 3722 1301 3777 pro-

114 3785 181 3860 bibere
192 3802 398 3881 contempserit,
412 3803 449 3862 ab
462 3803 553 3878 officio
561 3823 617 3878 per·
631 3801 794 3860 triennium
807 3802 885 3860 debet
894 3801 1036 3876 suspendi
1046 3822 1057 3869 ,·
1079 3807 1105 3856 et
1124 3798 1247 3872 pravius
1261 3806 1302 3856 est

108 3901 261 3976 muman,
270 3902 304 3962 si
318 3902 410 3979 meipso
423 3901 555 3978 qualitas
567 3901 601 3959 id
613 3901 754 3975 requirat.
796 3900 997 3960 Probibentur
1010 3896 1302 3956 aertensolandestiua

108 4000 277 4060 ”sutrinensis
296 3999 413 4077 duplici
432 3999 555 4070 ratione,
570 3998 700 4057 uidelicet
718 4016 754 4056 ne
772 3998 826 4056 sub
840 4018 888 4074 spe
901 3994 1088 4055 matriniam-i
1102 3991 1303 4052 cmrrrnittatnr

96 4091 241 4159 soniario
250 4123 264 4172 ;
284 4107 311 4158 et
329 4096 590 4158 matrimonialiter
607 4095 755 4171 corsjurscti
772 4095 881 4170 injuste
898 4102 1077 4171 sepelirentur.
1120 4092 1203 4167 Serpa
1224 4092 1302 4151 enirn

98 4191 124 4255 in
144 4197 333 4258 matrimonio
360 4196 467 4256 occullo
494 4215 575 4254 sereres
600 4194 759 4270 eonjuqum
786 4204 883 4253 rnretat
906 4191 1101 4271 propositum,
1127 4199 1154 4248 et
1178 4190 1303 4250 dimittit

92 4294 230 4374 manum
244 4294 471 4374 prolationibus
490 4292 663 4352 destitutum
683 4302 710 4352 et
723 4293 785 4352 sine
805 4293 931 4351 remedio
948 4289 1144 4348 restitutionis
1154 4311 1167 4360 ,·
1188 4299 1214 4348 et
1238 4290 1302 4349 ideo

89 4394 253 4473 mabibeant
266 4393 437 4453 Sacerdotes
454 4391 654 4469 parochianos
675 4409 752 4463 suos,
774 4409 811 4448 ne
832 4392 902 4450 <lent
924 4388 981 4446 sibi
995 4387 1089 4462 fldem
1103 4408 1138 4447 ero
1151 4395 1254 4447 mutuo
1268 4389 1302 4446 in

265 4522 278 4546 ¹
289 4519 331 4567 sir
340 4519 356 4566 J
358 4518 408 4566 ohn
418 4518 544 4566 Lawson's
554 4517 602 4565 and
613 4518 653 4564 the
664 4516 733 4564 York
743 4517 816 4563 MSS.
827 4517 887 4564 omit
896 4517 964 4562 these
974 4516 1130 4576 mmgrsphs.
