2768 4852
409 345 662 413 Bemdsietiomo
684 346 864 415 amato.
1175 351 1238 420 107

55 520 89 585 tt·
98 526 289 607 lnnnrgentee
301 534 423 602 torrere,
437 528 605 607 habeasque
616 529 781 590 victoriam.
825 530 864 588 In
877 530 996 591 nomine
1010 531 1109 590 Petris
1122 538 1153 590 ot
1167 531 1239 590 Filii

55 622 208 702 *Spiritus
221 625 332 685 Sancti.

92 719 207 781 Deinde
219 730 427 799 eremorum
439 743 496 783 ouo
509 732 607 783 moene
623 733 739 784 erutum
758 733 786 784 et
806 723 949 798 moduni,
965 734 992 784 et
1004 722 1145 784 Sacerdos
1157 725 1238 784 dieat

55 832 119 895 qm
129 836 198 877 mm
210 817 289 878 Ιιαπσ
302 818 473 879 Orationem
487 844 498 880 .·

93 913 286 974 confortator
312 922 343 975 et
365 916 570 975 corroborator
596 921 923 994 sustentamentumque
949 923 1069 976 tuorum
1094 916 1234 989 fidelium,

55 1008 169 1088 idomy,
181 1010 364 1085 indeficiens,
376 1012 615 1085 interminabilis,
626 1013 833 1071 inenarrabilis
847 1014 946 1086 Pater,
958 1021 1067 1073 aeteme
1082 1015 1173 1088 Deus,
1184 1015 1238 1091 qui

55 1114 135 1177 untes
157 1128 282 1188 magnae
309 1129 450 1189 regesque
476 1110 567 1168 fortes
594 1129 692 1168 eorem
722 1109 832 1187 populo
858 1116 912 1169 tuo
935 1111 1029 1169 Israel
1051 1110 1236 1184 destruxisti,

55 1205 144 1282 nique
156 1226 249 1283 puero
262 1213 316 1266 tuo
330 1206 432 1264 David
444 1206 481 1265 de
494 1207 614 1284 gigante
627 1211 659 1264 te
670 1206 895 1285 blasphemante
908 1213 998 1283 etque
1010 1208 1042 1265 in
1057 1227 1111 1265 ouo
1123 1208 1237 1265 virtute

55 1302 200 1362 onfidente
226 1303 413 1381 triumphare
442 1302 630 1375 concessisti3
665 1309 695 1360 te
722 1304 868 1380 supplices
902 1324 1067 1374 exoramus,
1096 1309 1132 1361 ut
1158 1303 1237 1360 huno

55 1398 179 1457 emulum
198 1406 288 1458 tuum
308 1399 342 1457 in
363 1405 395 1457 te
415 1399 611 1457 confidentem
632 1398 813 1472 benedicere,
827 1400 976 1476 adjuvere,
992 1406 1153 1477 protegere,
1169 1419 1236 1457 oon-

55 1502 143 1555 mre
169 1502 202 1555 et
228 1516 410 1571 ooneervare,
434 1502 525 1573 atque
558 1502 728 1554 sanctorum
762 1497 935 1573 angelomm
961 1496 1098 1572 praesidio
1125 1495 1237 1553 vellem

55 1590 173 1669 ignerie.
215 1592 332 1652 Praerto
350 1593 387 1666 ei,
402 1593 541 1665 Domine,
557 1592 645 1650 fidem
665 1597 786 1665 rectem,
805 1612 885 1670 spem
907 1594 1031 1664 finnnm,
1047 1592 1143 1650 cordis
1163 1591 1236 1649 fidu-

55 1688 116 1763 hm,
131 1690 265 1768 eorporis
278 1689 494 1763 fortitudinem,
506 1690 641 1748 omnium
654 1691 839 1748 memborum
852 1690 1048 1748 valitudinem
1059 1710 1067 1762 3
1087 1690 1235 1767 quatinus,

55 1788 247 1864 adjuvante,
256 1788 412 1847 victorium
425 1807 574 1866 onpeseere
587 1794 746 1860 mereatur,
761 1788 875 1865 tibique
886 1787 951 1845 Deo
964 1788 1020 1845 soli
1029 1788 1235 1864 omnipotenti,

55 1885 188 1963 tgrutino
200 1889 233 1943 et
245 1884 348 1943 laudes
361 1884 476 1944 reserat
521 1884 580 1943 Per
593 1885 765 1944 Dominum.

91 1981 179 2039 Tune
190 1990 303 2057 euryat,
317 1990 343 2040 et
356 1982 464 2041 iterum
477 1983 595 2040 dicatur
608 1982 636 2041 ei
646 2006 656 2041 .·

90 2075 269 2136 Consortnre
292 2083 323 2136 et
346 2084 410 2137 esto
431 2078 579 2152 robustus,
594 2098 679 2156 opera
699 2079 732 2137 in
750 2079 881 2137 Domino
902 2085 932 2136 et
952 2078 998 2136 sac
1018 2078 1190 2151 bonitatem,
1205 2085 1236 2136 et

55 2170 94 2232 oli
115 2171 253 2231 oblivisci
274 2192 377 2233 omnes
397 2175 608 2233 retributiones
629 2177 703 2252 ejus.
759 2175 828 2252 Ipse
848 2176 899 2234 dot
912 2176 969 2233 tibi
982 2176 1077 2231 vitam
1094 2182 1234 2232 aeternam

55 2270 233 2329 trietorinm
246 2276 278 2329 et
290 2271 524 2331 benedictionem
537 2272 569 2329 in
583 2271 723 2330 saeoulum
737 2273 844 2332 saeouli

90 2366 257 2425 Benedioet
269 2373 300 2425 to
314 2367 397 2427 Deus
410 2368 501 2427 Pater
510 2389 519 2442 ς
539 2367 689 2427 custodiet
709 2374 740 2426 te
761 2369 784 2426 J
785 2388 851 2426 esus
870 2368 1023 2426 Christus:
1046 2374 1167 2445 praeetet
1179 2369 1235 2427 tibi

55 2464 194 2535 ietoriem,
208 2464 262 2542 qni
282 2465 381 2522 trinus
404 2470 436 2522 et
459 2484 536 2522 unns
555 2465 638 2523 Deus
660 2465 739 2523 vivit
759 2472 790 2524 et
810 2473 915 2544 regnet
935 2485 989 2541 per
1009 2467 1109 2523 omnio
1129 2466 1235 2524 soeoule

55 2562 214 2621 eniienim.
256 2563 365 2621 Amen
789 2564 793 2569 ’

90 2660 327 2735 Reopmoorium.
356 2660 405 2719 Ne
415 2660 602 2737 derelinquas
613 2660 692 2718 huno
702 2658 847 2717 famulum
857 2666 953 2733 tuum,
964 2661 1094 2720 Domino
1105 2662 1196 2720 Peter
1205 2669 1236 2720 ot

55 2756 201 2817 minator
212 2758 285 2817 vito
297 2778 367 2832 euae,
379 2765 415 2816 ut
428 2778 488 2817 non
502 2765 620 2816 oomiat
633 2758 666 2815 in
681 2765 838 2835 conspectu
851 2758 1085 2817 adversariorum
1102 2763 1232 2816 enorum.

55 2851 82 2913 [ο
92 2856 223 2933 gaudeat
235 2855 273 2914 de
287 2875 322 2914 eo
334 2852 473 2914 inimicus
487 2875 566 2914 suns.

55 2948 68 3009 '.
90 2952 292 3030 Apprebende
304 2973 388 3012 arma
401 2960 432 3013 et
444 2960 571 3026 sentum,
582 2961 613 3011 et
623 2973 748 3030 exsurge
762 2954 795 3011 in
808 2953 989 3031 adjutorium
1000 2955 1035 3027 oi,
1047 2974 1085 3012 ne
1098 2953 1233 3032 gaudeat

91 3046 311 3108 famabatur
323 3048 420 3109 Mieoa
432 3050 468 3109 de
480 3050 599 3127 Spiritu
612 3050 728 3110 Sancto.

91 3144 291 3222 offertorium.
334 3146 465 3225 Spiritus
478 3146 611 3205 Domini

328 3350 522 3411 anmorro
542 3368 639 3411 suern
659 3367 803 3410 rnucruu
824 3368 940 3409 uovnu.

88 3480 233 3555 Domine,
260 3489 362 3543 saneto
388 3484 488 3555 Pater,
523 3485 710 3561 omnipotens
738 3490 848 3543 {eterne
875 3485 966 3558 Deus,
994 3486 1047 3563 qui
1074 3485 1177 3545 ceolum
1205 3491 1236 3542 et

55 3598 142 3639 mm
154 3598 240 3637 mare
252 3586 284 3639 et
297 3580 398 3640 omnio
410 3601 476 3659 quoe
490 3581 523 3639 in
537 3582 579 3639 eis
592 3588 664 3640 eunt
677 3582 801 3654 creosti3
821 3588 851 3640 te
865 3583 1010 3661 supplices
1025 3601 1189 3651 exoramus,
1201 3587 1236 3639 nt

55 3696 108 3739 nne
119 3676 256 3737 finctum
272 3696 385 3736 novum
405 3677 578 3737 benedicere
598 3683 629 3736 et
647 3678 830 3736 sanctificare
842 3679 979 3755 digneris,
994 3684 1026 3736 ot
1039 3678 1236 3754 multiplicare

55 3774 222 3835 undanter
240 3773 434 3833 offerentibus
446 3775 513 3847 tibi,
528 3781 563 3833 ut
576 3774 688 3852 repleas
709 3794 812 3834 eorum
833 3776 952 3834 cellurio
971 3794 1037 3833 cum
1060 3773 1235 3833 fortitudine

55 3873 175 3935 monti
188 3878 220 3932 et
232 3873 304 3949 vini,
319 3879 351 3932 et
363 3873 499 3932 latentes
507 3873 545 3951 ¹in
558 3873 600 3931 eis
613 3873 742 3933 referant
761 3872 820 3932 tibi
839 3873 904 3931 Deo
924 3870 1122 3948 omnipotenti
1134 3867 1237 3927 laudes

66 3972 194 4053 genua
237 3970 298 4031 Por
310 3969 476 4029 Dominum
488 3977 633 4029 nostrum,

447 4189 641 4249 Bmoicrw
656 4190 822 4248 Ponoruu.

81 4320 229 4396 Benedir,
244 4320 385 4393 Domine,
405 4319 485 4379 huno
498 4319 629 4379 fructum
650 4338 771 4385 novum.
786 4323 822 4376 nt
842 4314 895 4392 qui
915 4317 1044 4371 utuntur
1061 4330 1099 4371 ex
1120 4333 1155 4372 eo
1167 4311 1237 4372 ,rint

55 4420 215 4485 ffitoeu
257 4416 319 4477 Per
331 4416 496 4478 Dominum
510 4424 657 4477 nostrum.
