2768 4852
363 312 415 379 In
434 313 558 381 Sancto
579 312 722 380 Sobbcto
742 313 889 382 Pasas.
1174 320 1235 382 115

195 495 308 557 Omnes
321 496 417 556 macti
429 496 542 575 Angeli
554 502 586 556 et
598 495 781 574 Archangeli
796 497 864 571 Dei,
879 504 961 558 orate
974 517 1028 575 pro
1041 499 1133 558 nobis

199 593 312 653 Omnes
325 594 421 653 sancti
435 594 590 653 beatorem
603 594 772 671 Spiritnum
786 594 922 668 Ordines,
937 602 1020 654 orate
1032 616 1086 673 pro
1099 597 1192 655 nobis.

236 690 344 751 Sancte
357 691 379 750 J
380 691 512 750 ohannes
524 691 671 769 Baptista,
686 711 738 750 ors
751 710 804 768 pro
818 692 911 750 nobis.

194 787 307 846 Omnes
320 788 415 846 sancti
428 787 609 846 Patriarehoe
622 793 653 846 et
667 787 833 865 Prophetes,
847 795 930 847 orate
943 808 996 865 pro
1009 789 1101 850 nobis.

233 885 340 945 Sancte
354 886 454 960 Petre,
467 886 510 958 ii.,
524 905 575 944 ora
588 905 642 963 pro
655 886 748 945 nobis

233 981 340 1040 Sancte
355 980 458 1054 Paule,
471 1001 524 1039 ora
535 1001 590 1059 pro
602 981 695 1040 nobis

234 1078 341 1137 Sancte
353 1079 485 1152 hadrec,
501 1098 553 1138 ora
565 1098 619 1156 pro
633 1080 725 1138 nobis.

195 1174 309 1232 Omnes
321 1175 417 1233 sancti
429 1176 570 1251 Apostoli
583 1182 614 1234 et
627 1176 834 1253 Evangelistae,
850 1183 933 1236 orate
946 1197 999 1254 pro
1013 1178 1105 1236 nobis.

190 1270 303 1329 Omnes
317 1272 412 1329 sancti
426 1271 573 1348 Discipuli
587 1271 720 1344 Domini,
734 1279 817 1331 orate
829 1292 883 1349 pro
896 1273 989 1332 nobis.

191 1367 304 1427 Omnes
316 1370 413 1427 saneti
426 1369 612 1442 Innocentes,
627 1376 709 1428 orete
722 1390 775 1446 pro
789 1372 879 1429 nobis

231 1465 339 1525 Sancte
359 1466 517 1544 Stephane,
533 1487 585 1525 ora
597 1487 651 1543 pro
665 1468 758 1526 nobis.

232 1564 339 1623 Sancte
354 1565 439 1639 Line,
454 1585 505 1624 om
518 1585 572 1642 pro
586 1566 677 1624 nebia

230 1661 338 1721 Sancte
352 1662 442 1735 Olete,
457 1683 509 1721 ora
521 1683 576 1740 pro
588 1663 682 1722 nobis.

189 1758 302 1817 Omnes
314 1760 410 1817 sancti
425 1758 583 1837 Martyres,
596 1767 679 1818 orato
692 1779 746 1838 pro
759 1761 851 1819 nobis

230 1854 337 1913 Sancte
350 1855 508 1932 Sylrester,
524 1875 576 1914 ora
588 1875 642 1933 pro
656 1855 749 1914 nobis

228 1952 336 2011 Sancte
350 1953 492 2025 Martiae,
506 1973 560 2012 ora
571 1973 626 2031 pro
639 1955 732 2013 nobis,

229 2050 336 2109 Sancte
350 2051 518 2124 Benedicta
532 2070 585 2110 ora
598 2070 651 2128 pro
665 2051 758 2111 nobis.

187 2146 300 2206 Omnes
313 2149 409 2207 sancti
422 2148 617 2221 Confessores,
633 2155 715 2207 orate
728 2167 783 2227 pro
796 2150 889 2208 nobis.

187 2242 300 2303 Omnes
313 2246 408 2303 sancti
422 2244 565 2303 Moneehi
577 2250 609 2303 et
622 2245 772 2317 Eremitoe,
785 2253 868 2305 orate
880 2266 934 2323 pro
947 2248 1039 2306 nobis.

229 2340 338 2399 Sancta
351 2341 451 2399 Maria
464 2341 652 2418 Magdalena,
666 2361 719 2400 ora
727 2361 782 2420 pro
796 2343 888 2404 nobis.

226 2437 335 2497 Sancta
355 2438 504 2512 Felicitas,
519 2459 572 2498 ora
584 2458 638 2517 pro
651 2439 746 2499 nobis.

226 2534 336 2595 Sancta
349 2536 508 2614 Perpetus,
522 2556 574 2595 ora
587 2556 641 2614 pro
654 2537 746 2596 nobis.

187 2632 299 2691 Omnes
312 2639 421 2692 sanetae
434 2633 586 2710 Virgines,
601 2639 682 2692 orate
692 2652 746 2711 pro
759 2634 851 2693 nobis

187 2727 300 2788 Omnes
314 2729 425 2802 Sancti,
441 2735 523 2788 orate
536 2748 591 2805 pro
604 2729 697 2788 nebia

223 3023 320 3101 Kyrie
333 3024 460 3101 eleyson.

223 3120 341 3179 Christe
354 3121 480 3197 eleyson

222 3215 341 3276 Christe
353 3217 424 3275 audi
438 3236 498 3275 nos.

224 3314 334 3373 Sancta
347 3314 407 3373 Dei
420 3314 574 3388 Genetrix,
590 3334 642 3374 ora
654 3334 708 3393 pro
721 3316 814 3375 nobis.

221 3412 328 3472 Sancte
341 3412 472 3487 Gabriel,
487 3433 539 3472 ors
551 3434 605 3492 pro
618 3415 711 3474 nobis.

182 3508 293 3568 Omnes
305 3510 401 3569 aneti
414 3510 526 3588 Angeli
539 3516 571 3569 et
583 3510 774 3590 Archangeli,
788 3518 869 3571 orate
879 3533 933 3590 pro
946 3513 1038 3574 nobis

179 3604 290 3665 Omnes
303 3606 398 3665 saneti
411 3606 591 3666 Pstrierchse
605 3614 636 3666 et
649 3607 815 3685 Prophetae,
829 3616 911 3668 orate
924 3629 978 3687 pro
987 3612 1078 3670 nobie

220 3704 327 3764 Sancte
340 3706 461 3777 Jacobs,
476 3724 528 3763 ore
541 3725 594 3783 pro
608 3706 699 3764 nobis.

219 3800 327 3860 Sancte
339 3802 484 3876 ioannes,
498 3821 549 3860 ora
562 3823 615 3879 pro
629 3804 721 3861 nobis.

219 3896 326 3956 Sancte
340 3897 487 3975 Philipps,
501 3918 553 3957 ora
566 3918 619 3975 pro
632 3899 725 3957 nobis.

178 3992 288 4052 Omnes
301 3995 396 4053 saneti
409 3995 549 4073 Apostoli
563 4002 594 4053 et
607 3994 814 4072 Evangelistae,
828 4000 910 4053 orate
922 4013 977 4070 pro
989 3994 1081 4054 nobis

217 4090 326 4149 Sancte
339 4091 486 4165 Clemens,
499 4110 551 4149 ors
563 4110 617 4167 pro
630 4092 723 4149 nobis.

217 4185 324 4246 Sancte
338 4186 432 4262 Sixto,
446 4207 498 4246 ora
510 4207 564 4265 pro
577 4187 669 4245 nobis.

216 4282 324 4343 Sancte
338 4284 491 4358 Laurenti,
506 4304 557 4343 ore
570 4304 624 4361 pro
637 4284 730 4342 nobis.

175 4379 286 4439 Omnes
299 4381 393 4439 saneti
407 4381 566 4458 Martyres,
581 4385 663 4437 orate
676 4398 730 4455 pro
744 4377 836 4435 nobis
