2768 4852
71 33 449 165 “faama
516 58 798 180 neumae
849 76 901 146 ιε
955 35 1170 215 ΛΨ
1208 33 1379 163 [aa

151 196 860 316 &Aca-mutem
896 238 963 323 ec,
1082 195 1382 328 JQVAVZ,

150 344 611 451 elimewlwss
648 343 880 460 fiebam(
924 366 994 449 bi-
1030 283 1208 472 537700215'.

481 1128 912 1230 CONTENTS.
970 1201 972 1208 ι

88 1728 245 1784 Minnnnn
264 1743 390 1783 inmotus
408 1728 559 1783 Eccnusnn
576 1728 813 1784 Enonucnusie-

160 1813 236 1869 Ordo
248 1814 284 1868 ad
296 1813 452 1869 faciendam
463 1831 563 1885 aquam
575 1814 749 1870 benedictam
822 1845 834 1855 ·
940 1844 951 1854 -
1057 1844 1069 1854 ·
1175 1845 1185 1856 ·

159 1899 690 1955 Ordoudcatechumeuumiaciendum
821 1931 832 1941 -
939 1931 950 1940 -
1056 1931 1068 1940 ·
1174 1932 1185 1945 ·

157 1986 320 2041 Benedictio
331 1988 419 2042 fontis
469 2017 479 2028 ·
561 2000 563 2005 ⁴
587 2017 1185 2031 ------
1240 1992 1274 2043 10

157 2072 242 2127 Ritua
253 2071 413 2143 baptirandi
470 2103 1184 2117 ·······
1240 2078 1274 2130 lo

155 2158 241 2212 Ritus
252 2157 411 2229 baptizandi
424 2160 627 2215 innecemitate
703 2191 715 2201 ·
821 2191 832 2200 ·
939 2191 949 2200 ·
1056 2193 1066 2202 -
1091 2152 1094 2159 ’
1173 2190 1184 2201 -
1238 2162 1272 2216 17

106 2235 232 2323 {Ordo
243 2244 280 2297 ud
291 2244 416 2299 facienda
429 2246 568 2316 sponsalia
1054 2278 1065 2288 ·
1171 2275 1182 2286 ·

154 2327 231 2382 Ordo
242 2328 279 2381 ud
291 2329 463 2383 visitandum
474 2330 615 2384 infirmum

94 2449 96 2453 -
153 2412 198 2468 De
209 2418 335 2468 extrema
346 2415 476 2469 unctione

152 2498 532 2554 Commendatioauimamm
582 2530 1180 2546 ------
1233 2506 1268 2556 ut

152 2583 302 2653 Exsequiae
314 2584 507 2638 defunctorum

152 2668 414 2724 Commendationea
428 2676 601 2726 mortuorum

151 2753 315 2809 Inhumutio
326 2755 452 2811 defuncti

153 2839 315 2895 Benedictio
326 2842 406 2912 panis
418 2842 448 2895 in
460 2841 559 2897 diebus
570 2842 726 2898 Dominicis
813 2873 824 2883 ·
931 2873 942 2883 ·
1047 2872 1059 2884 ·
1165 2873 1176 2885 ·

148 2926 312 2982 Benedictio
323 2945 396 2999 perae
408 2934 438 2984 et
449 2928 540 2984 buculi
575 2959 1174 2975 ······
1224 2932 1229 2945 '
1249 2972 1257 2987 .

149 3014 206 3068 Pro
218 3014 272 3069 iter
282 3014 430 3086 agentibus
459 3045 1173 3066 ·······

147 3100 308 3156 Benedictio
320 3102 408 3156 crucia
419 3106 448 3156 at
460 3119 555 3157 eorum
569 3102 849 3173 quiinHierueelem
860 3103 1072 3175 proficiscuntur
1160 3134 1172 3146 ·
1224 3107 1229 3119 '

102 3186 130 3247 (Χ
217 3226 234 3254 ,,
317 3187 398 3258 clipei
410 3192 439 3242 et
450 3187 542 3243 baculi
557 3188 678 3243 hominia
689 3189 886 3260 proficiscentis
899 3189 936 3244 ad
947 3189 1072 3245 duellum
1160 3220 1171 3232 -

217 3312 234 3341 ‚‚
318 3291 401 3344 nuper
411 3273 536 3328 fructum
547 3291 650 3329 novum
691 3304 1170 3319 -----

216 3397 233 3425 „
316 3375 462 3429 pomorum
571 3390 1168 3405 ------
1213 3360 1248 3416 ib.

214 3482 231 3511 „
321 3461 405 3514 cuper
415 3443 549 3515 butyrum
561 3451 589 3500 et
600 3462 710 3500 caucum
805 3474 817 3487 ·
922 3475 934 3488 ·
1040 3476 1051 3487 ·
1157 3477 1169 3487 ·

224 3568 232 3597 ,
321 3547 405 3601 super
415 3536 513 3600 potum
524 3532 742 3602 qualemcunque
753 3531 798 3586 vel
809 3531 902 3587 cibum

213 3653 230 3682 ‚‚
319 3614 356 3668 ad
367 3614 478 3669 domum
491 3632 594 3671 novam

213 3739 230 3769 ,‚
320 3701 351 3755 in
362 3701 461 3757 horrea

211 3825 230 3855 ,‚
319 3785 460 3842 adomnia
471 3804 533 3857 quoe
544 3787 665 3844 volueris
685 3820 1164 3833 ·····
1216 3790 1221 3802 '

211 3910 229 3941 2,
318 3872 384 3926 Gali!
395 3878 424 3927 et
435 3874 526 3928 cami!
567 3903 1163 3919 ......
1215 3876 1221 3888 ‘

210 3997 228 4028 ‚,
317 3957 552 4030 eleemosynarum
563 3977 614 4030 pro
625 3960 715 4016 salute
726 3960 856 4017 vivorum
918 3991 928 4002 ·
1036 3990 1047 4000 ·
1153 3992 1163 4002 ·

210 4082 228 4113 „
318 4044 554 4115 eleemosynarum
564 4047 766 4116 prodefunctie
801 4079 813 4090 ·
918 4075 929 4086 ·
1036 4077 1047 4087 ·
1154 4077 1164 4087 ·
1216 4047 1221 4059 '

139 4130 177 4185 Iu
188 4129 234 4185 die
244 4130 410 4185 Parascevee
449 4159 1164 4177 ·······

139 4217 175 4271 In
188 4217 290 4271 Sancto
302 4215 426 4272 Sabbcto
438 4217 551 4272 Paschae

137 4303 323 4374 Evangelium
335 4303 502 4357 Natiuitatis
513 4303 629 4358 Domini
681 4333 1162 4347 ·····

71 4421 74 4431 =
137 4390 322 4463 Evangelium
334 4391 364 4445 in
376 4391 561 4461 Conceptione
572 4390 662 4446 beatae
673 4391 774 4447 Mariae

135 4475 181 4534 De
191 4477 387 4545 Amthemm,
398 4476 447 4531 the
458 4476 546 4531 Great
557 4476 678 4550 Cureing
