2768 4852
475 345 580 415 Ritus
600 345 823 434 Baptizaaali.
1217 353 1259 417 19

40 522 109 583 sit:
141 522 169 583 0
192 522 346 602 generatio
371 522 534 597 incredula,
563 524 706 601 quamdiu
733 524 814 602 apud
837 543 890 585 vos
917 527 984 584 erol
1029 526 1181 596 Quamdiu
1208 546 1261 586 vos

39 620 163 699 patierl
201 620 320 680 Afferte
338 620 427 678 illum
448 621 487 679 ad
510 640 565 679 me.
609 622 651 680 Et
674 621 845 680 attulerunt
872 642 949 680 eum.
993 623 1123 682 Etcum
1136 624 1262 684 vidisset

38 718 142 791 illum,
161 719 265 779 statim
282 718 407 798 spiritns
429 719 621 778 conturbavit
643 739 719 792 eum,
742 727 773 778 et
796 720 887 779 elisus
910 721 943 778 in
965 726 1046 780 terra
1066 722 1261 782 volutabatur

38 834 195 894 spumans.
237 802 279 874 Et
292 816 491 895 interrogavit
502 822 619 894 patrem
633 817 705 893 ejus.
758 816 914 888 Quantum
927 818 1069 894 temporis
1083 825 1187 894 estex
1201 841 1260 898 quo

37 925 89 984 illi
103 925 160 984 hcc
180 926 310 986 acciditl
352 925 400 984 At
418 925 470 985 ille
490 927 551 984 ait:
571 926 624 984 Ab
637 925 782 999 infantia;
801 932 832 985 et
845 927 1019 1003 frequenter
1031 947 1101 986 eum
1114 927 1261 1007 inignem

39 1031 75 1084 et
98 1024 134 1082 in
155 1045 265 1102 aquam
287 1025 379 1098 misit,
403 1030 440 1083 ut
463 1044 532 1083 eum
555 1025 712 1102 perderet:
733 1025 785 1083 sed
809 1025 926 1102 siquid
949 1031 1043 1104 potes,
1067 1027 1178 1104 adjuva
1196 1047 1260 1102 nos,

37 1120 185 1182 misertus
197 1120 301 1180 nostri
343 1121 366 1180 J
367 1140 433 1180 esus
447 1127 548 1179 autem
561 1121 606 1178 ait
619 1120 666 1178 illi
681 1140 687 1179 :
712 1119 744 1178 si
754 1127 839 1198 potes
852 1120 979 1192 credere,
994 1122 1096 1181 omnia
1109 1123 1261 1199 possibilia
1281 1191 1288 1203 δ

36 1225 116 1280 sunt
129 1218 270 1277 credenti
314 1219 356 1276 Et
368 1218 510 1277 continuo
524 1217 695 1276 exclamans
707 1223 794 1295 peter
813 1217 901 1295 pueri
914 1238 982 1278 oum
996 1218 1135 1295 lacrymis
1149 1220 1258 1293 aiebat,

39 1316 151 1390 credo,
174 1316 325 1389 Domine;
351 1316 462 1392 adjuva
473 1314 723 1379 'incredulitatem
742 1334 847 1373 meam.
891 1314 1019 1373 Etcum
1037 1316 1152 1374 videret
1170 1316 1260 1375 Jesus

36 1419 271 1475 concurrentem
294 1414 424 1486 turbam',
446 1413 645 1472 comminatus
667 1420 713 1471 cst
736 1411 858 1491 spiritui
876 1412 1041 1484 immundo,
1066 1413 1167 1472 dicens
1195 1414 1261 1473 illi:

38 1511 142 1572 Surda
161 1517 194 1569 et
216 1516 300 1568 mute
324 1509 464 1588 Spiritus,
485 1529 540 1587 ego
562 1509 620 1570 tibi
642 1509 791 1587 praecipio,
813 1509 863 1568 exi
886 1509 925 1567 ab
951 1529 994 1582 eo,
1018 1510 1197 1587 etamplius
1222 1530 1261 1570 ne

37 1608 176 1668 introeas
189 1607 224 1665 in
241 1626 318 1666 eum.
362 1607 404 1665 nt
424 1606 555 1665 clamans
575 1612 607 1664 et
627 1606 759 1665 multum
779 1606 949 1684 discerpens
969 1626 1047 1680 eum,
1062 1608 1139 1666 exiit
1159 1609 1197 1666 ab
1216 1628 1258 1668 eo.

38 1705 85 1765 Et
99 1705 199 1764 fictus
217 1710 264 1764 est
278 1704 358 1763 sicut
372 1709 510 1762 mortuus
519 1724 529 1777 ;
552 1703 597 1761 ita
619 1709 655 1761 ut
674 1702 766 1762 multi
788 1703 930 1778 dicerent,
953 1704 1025 1781 quia
1048 1710 1184 1763 mortuus
1205 1712 1259 1765 est.

36 1802 134 1863 Jesus
157 1806 259 1859 autem
283 1807 387 1859 tenens
410 1819 533 1858 manum
558 1801 630 1877 ejus,
657 1799 788 1858 elevavit
812 1820 889 1872 eum,
913 1799 994 1860 *Hic
1019 1801 1100 1860 ‹Iicat
1121 1800 1261 1862 Sacerdos

36 1898 206 1971 commatri,
215 1906 251 1957 at
258 1907 362 1975 saryat
370 1897 565 1975 aaapaera'
576 1903 608 1956 et
617 1898 757 1956 surrexit.
791 1897 911 1956 Etcum
920 1897 1074 1957 introisset
1085 1898 1118 1956 in
1127 1899 1257 1971 domum,

34 1996 183 2073 discipuli
205 1997 270 2072 ejus
297 2000 411 2055 secreto
436 1996 662 2074 interrogabant
689 2015 766 2054 eum.
811 1996 911 2066 Quare
938 2016 993 2054 nos
1023 2015 1081 2055 non
1105 1998 1259 2073 potuimus

33 2096 149 2173 ejicere
166 2094 276 2154 illuml
316 2093 358 2152 Et
378 2093 458 2152 dixit
478 2095 540 2154 eis:
563 2094 631 2153 Hoc
648 2113 742 2174 genus
760 2094 793 2152 in
813 2094 898 2153 nullo
915 2099 1017 2172 potest
1040 2095 1133 2168 exire,
1152 2095 1213 2153 nisi
1226 2095 1259 2153 in

34 2193 179 2253 oratione
192 2198 225 2251 et
237 2191 364 2269 jejunio.

101 2290 274 2351 Secundam
287 2289 462 2352 Joaannam.

54 2451 61 2463 ,
101 2387 145 2445 In
157 2388 304 2465 principio
318 2393 382 2445 erat
390 2387 544 2444 Verbum:
565 2392 597 2445 et
610 2385 748 2446 Verbum
759 2392 823 2444 erat
836 2386 917 2464 apud
931 2388 1040 2459 Deum,
1056 2392 1086 2445 et
1100 2387 1183 2444 Deus
1190 2393 1256 2445 erat

34 2484 186 2545 Verbum.
234 2483 303 2542 Hoc
317 2489 381 2542 erat
394 2484 428 2542 in
441 2484 588 2561 principio
608 2483 688 2560 apud
706 2484 813 2541 Deum.
867 2482 977 2541 Omnia
997 2502 1051 2558 per
1064 2483 1163 2558 ipsum
1176 2483 1255 2540 factu

32 2589 120 2654 sunt,
135 2588 167 2641 et
180 2581 246 2640 sino
258 2582 323 2659 ipso
336 2581 449 2640 factum
463 2580 599 2640 estnihil
613 2581 694 2657 quod
707 2580 820 2637 facturn
834 2584 888 2637 est.
930 2579 971 2637 In
985 2579 1049 2656 ipso
1062 2579 1130 2644 vita,
1139 2584 1213 2652 erat,
1223 2585 1256 2636 et

31 2681 105 2739 vite
128 2684 195 2737 erat
214 2678 269 2737 lux
292 2678 456 2737 hominum.
499 2678 542 2736 Et
565 2678 620 2735 lux
636 2678 670 2735 in
693 2676 824 2734 tenebris
848 2675 950 2748 lucet3
981 2681 1012 2732 et
1036 2676 1165 2732 tenebrae
1188 2693 1255 2733 eam

32 2799 102 2840 non
132 2777 427 2856 comprehenderunt
481 2777 556 2835 Fuit
578 2775 667 2834 homo
687 2776 794 2833 missus
818 2794 837 2832 a
867 2774 942 2848 Deo,
973 2773 1023 2832 cui
1057 2793 1167 2833 nomen
1192 2780 1256 2833 erat

31 2879 203 2941 Johennes.
261 2878 323 2936 Hic
345 2876 483 2936 venitin
504 2875 718 2947 testimonium,
741 2880 776 2932 ut
798 2873 1004 2932 testimonium
1026 2873 1197 2950 perhiberet
1218 2873 1255 2934 de

31 2976 210 3048 luminant
230 2993 332 3034 omnes
346 2974 500 3033 crederent
513 2993 567 3049 per
586 2972 680 3031 illum
725 2971 797 3030 Non
811 2976 876 3030 crat
896 2970 948 3029 ille
961 2971 1015 3029 lux
1027 2991 1036 3044 ;
1057 2971 1109 3029 sed
1122 2977 1158 3030 ut
1171 2972 1255 3032 testi·

32 3073 176 3133 monium
196 3071 365 3149 perhiberet
389 3071 426 3130 de
447 3070 569 3130 lumine.
613 3069 688 3127 Erat
710 3069 766 3127 lux
782 3088 861 3144 vera,
881 3088 947 3145 quse
965 3068 1118 3127 illuminet
1135 3089 1255 3128 omnem

33 3169 192 3230 bominem
205 3168 376 3227 venientem
389 3168 422 3226 in
440 3169 520 3227 huno
534 3166 688 3225 mundum.
732 3166 772 3223 In
790 3166 903 3224 mundo
921 3171 994 3240 eret,
1010 3172 1040 3224 et
1058 3168 1188 3226 mundus
1201 3187 1255 3245 per

34 3268 138 3346 ipsum
152 3265 248 3324 sactus
262 3271 327 3324 est:
350 3271 382 3324 et
401 3265 531 3322 mundus
544 3284 613 3323 eum
633 3282 694 3321 non
708 3263 855 3341 cognovit.
898 3262 938 3320 In
959 3263 1079 3340 propria
1097 3264 1201 3322 venit:
1223 3269 1254 3323 ct

35 3364 86 3424 sui
107 3382 178 3420 eum
199 3381 262 3419 non
286 3367 468 3438 receperunt.
513 3360 669 3436 Quotquot
689 3364 790 3417 eutem
813 3363 991 3435 receperunt
1012 3377 1090 3432 eum,
1105 3360 1189 3419 dedit
1210 3361 1254 3419 cis

36 3466 218 3539 potestatem
232 3457 309 3517 filios
330 3458 390 3516 Dei
402 3458 476 3529 fieri,
491 3457 539 3515 his
553 3456 605 3533 qui
626 3456 752 3514 credunt
772 3455 805 3512 in
825 3455 947 3513 nomine
968 3457 1052 3532 ejus;
1073 3457 1201 3533 quinon
1214 3476 1253 3514 ex

36 3556 244 3634 sanguinibus,
260 3573 356 3632 neque
369 3573 408 3612 ex
422 3553 578 3612 voluntate
596 3552 702 3625 aarum,
717 3571 814 3629 neque
834 3571 872 3609 ex
887 3551 1042 3611 voluntate
1056 3553 1129 3626 vivi,
1144 3552 1196 3613 sed
1214 3573 1253 3612 ex

38 3654 107 3713 Deo
125 3653 192 3711 nati
212 3657 292 3711 sunt.
334 3652 377 3710 Et
394 3650 530 3710 Verbum
545 3669 612 3708 caro
625 3649 739 3708 factum
754 3654 808 3721 est,
829 3656 860 3707 et
876 3648 1025 3708 habitavit
1043 3650 1076 3708 in
1090 3651 1196 3709 nobis:
1221 3658 1253 3709 et

38 3751 170 3810 vidimus
187 3750 314 3829 gloriam
334 3750 407 3827 ejus,
426 3748 551 3826 gloriam
570 3747 655 3825 quasi
678 3745 870 3825 Unigenitia
890 3746 989 3820 Patre,
1009 3747 1130 3824 plenum
1147 3748 1251 3824 gratiae

36 3854 70 3909 ct
83 3845 234 3908 veritatis.

99 3943 298 4012 'addemnatam
308 3951 348 4002 est
357 3943 438 4019 qaod
448 3941 567 4018 quilibet
577 3941 717 4001 Sacerdos
723 3939 891 4018 parastatis
901 3941 978 3999 debet
987 3938 1254 4016 parachronismis

26 4012 167 4121 sormam
180 4042 377 4120 baptizandi·
364 4061 636 4138 ιηὴαςζιια-ριινᾳ.
610 4040 746 4135 iecturali
759 4048 785 4098 et
794 4039 905 4135 recenti
918 4049 944 4097 et
957 4059 1017 4097 aon
1030 4038 1064 4096 ia
1077 4039 1178 4137 aliquo
1191 4039 1252 4117 alio

38 4139 354 4267 lr'qaoresrcqraentsr
341 4159 376 4199 aa
389 4136 556 4247 Dominicis
573 4136 674 4197 diebrs
687 4157 845 4214 asportare
866 4145 900 4194 at
913 4157 941 4194 sa
934 4130 1104 4194 raecessitas
1115 4126 1253 4214 errorqui,

40 4264 124 4283 ·-·-
86 4254 297 4348 ’ΥιιιΥΠῊ
305 4244 615 4347 IlieSa'cerdoseNJrsret
563 4297 782 4356 i<rmnsatemperr
736 4296 945 4342 rruemraamdeaetr
916 4296 976 4344 rml'r

66 4378 195 4439 ·†Thess
210 4375 307 4424 rubrius
321 4389 362 4422 uro
376 4375 497 4423 omitted'
490 4388 516 4420 m
532 4373 572 4420 Sir
582 4372 648 4419 John
659 4372 771 4419 Luaron
749 4386 834 4418 ιιιιιιιι
809 4371 897 4418 lthe
909 4373 977 4418 York
988 4373 1041 4421 MS
1074 4375 1252 4422 ThoBodloian

41 4452 112 4502 MS.
105 4469 126 4502 re
135 4453 263 4501 defectivo.
