2768 4852
386 308 731 377 Mcaaebedusum
743 307 879 378 Serum.
1173 312 1232 376 41·
1348 305 1351 309 ’

87 476 252 552 Postquam
272 476 334 554 ipse
353 475 517 554 Eptbcepua
536 476 582 536 cel
600 475 741 536 Sacerdos
761 476 991 536 mercabatur
1001 476 1110 552 fuerit,
1124 496 1231 538 meum

48 557 242 616 soludcsdum
264 558 459 617 communicet
506 557 603 615 Missa
618 558 721 633 flattu,
746 558 886 617 tradatur
905 577 1001 616 ceretu
1017 557 1165 633 prefatus
1187 558 1232 615 ia-

48 638 194 709 hsdeadc;
228 646 255 696 ct
281 637 421 696 ordinata
448 638 637 714 procusiores,
664 638 827 714 Episcopus
850 638 894 697 uel
919 638 1059 697 Sacerdos
1082 637 1232 697 cacabatus

48 717 157 792 nodat,
170 727 196 778 et
209 718 421 777 irtel-adcretione
429 726 596 794 pataram
616 738 727 777 mesiae
746 738 834 776 utum
849 739 905 794 per
917 739 1041 776 occaecat
1057 719 1189 795 occipriat,
1205 728 1232 777 et

48 808 144 859 moeste
155 819 251 858 acuns
265 800 301 858 ab
313 798 514 858 bebitcadum
533 818 621 857 suum
641 799 773 858 deducat.
825 797 932 858 Clerici
947 800 1065 858 iraterim
1079 799 1233 858 Litauicco

48 879 205 940 ollcmaitcr
213 880 404 955 pracedcrrm
417 887 539 938 amru.
583 878 661 938 Cum
674 888 771 938 autem
790 880 831 938 ad
850 879 1051 938 liabitacutuot
1060 888 1233 955 peruentum

48 959 132 1032 imit,
138 960 233 1036 finita
245 960 378 1031 Litunm,
392 960 556 1036 Episcopum
571 959 616 1018 vel
633 958 772 1019 Sacerdos
791 960 1002 1019 includendam
1023 970 1104 1021 extro
1124 960 1234 1018 liabita-

48 1041 133 1100 dam
152 1040 292 1111 dimittat,
306 1049 333 1099 et
352 1040 431 1099 eolus
453 1041 488 1099 ia
510 1039 710 1098 babitaculum
729 1041 852 1099 inducat
875 1041 1041 1116 incipiendo
1065 1061 1131 1099 cura
1155 1061 1234 1116 aqua

49 1121 182 1181 mediata
213 1121 415 1198 Antiphonem
445 1121 595 1198 Asperges
621 1140 669 1178 mc
695 1121 740 1180 oct
765 1121 840 1179 Vidi
866 1140 983 1198 aquam,
1003 1130 1095 1197 preat
1124 1131 1234 1197 tempus

49 1222 200 1340 measa
212 1282 370 1358 sanctificet
383 1290 409 1341 et
422 1282 569 1341 benedicat
582 1280 783 1341 habitandum
791 1302 847 1358 per
861 1282 1015 1341 Orationes
1027 1291 1181 1358 acquestus.
1292 1336 1295 1341 ,

94 1373 168 1432 Hoec
183 1374 284 1433 Oratio
297 1374 415 1433 dicotur
428 1390 515 1449 super
527 1373 620 1432 ultore
634 1394 700 1432 cum
714 1373 847 1433 Oremus.
892 1374 1001 1434 Oratio.
1033 1370 1038 1377 ’

96 1454 234 1528 Domine,
248 1461 349 1513 sancte
368 1454 460 1512 Pater
479 1460 510 1512 et
529 1454 665 1526 clemens,
680 1456 765 1531 cujus
784 1474 838 1513 nec
851 1455 972 1512 initium
987 1475 1039 1513 nec
1053 1455 1121 1512 finis
1134 1455 1235 1512 adver-

50 1536 120 1607 itur,
135 1536 189 1613 qui
200 1542 304 1593 tantus
317 1555 348 1593 es
361 1541 492 1611 quantus
505 1554 566 1593 esse
586 1535 708 1593 voluisti
722 1542 840 1593 sanctus
853 1543 944 1611 atque
957 1536 1101 1593 mirabilis
1112 1556 1120 1607 ;
1152 1536 1234 1595 Deus

50 1617 120 1693 ujus
139 1616 324 1692 majestatem
344 1617 490 1674 elementa
509 1634 569 1672 non
590 1616 712 1691 capiunt
723 1635 732 1688 3
760 1622 791 1674 te
811 1616 1019 1688 benedicimus,
1040 1623 1069 1674 te
1089 1617 1235 1692 supplices

50 1696 235 1774 leprecamur,
250 1702 286 1754 ut
299 1695 407 1754 sithoc
420 1696 514 1754 altare
527 1696 604 1754 ucat
618 1696 694 1753 illud
708 1696 788 1773 quod
802 1696 881 1754 Abel
896 1698 1075 1755 salutaribus
1086 1697 1234 1772 mysteriis

50 1797 68 1834 n
81 1777 216 1854 passione
230 1797 389 1854 praecursor
397 1776 553 1853 jugulatus
564 1797 582 1834 a
591 1777 683 1834 fratre
691 1796 769 1835 novo
783 1777 926 1854 sanguine
936 1778 1046 1835 imbuit
1059 1783 1090 1834 et
1099 1777 1234 1836 sacrarit.

50 1858 84 1916 lit
96 1857 163 1930 tibi,
187 1857 323 1928 Domine,
338 1858 432 1915 altare
445 1856 499 1915 hoc
517 1856 594 1915 sicut
606 1856 683 1914 illud
696 1856 775 1934 quod
788 1857 942 1933 Abraham
963 1865 1046 1934 pater
1060 1865 1168 1928 noster,
1183 1858 1235 1935 qui

50 1938 192 1997 evidere
215 1939 334 2010 meruit,
354 1938 530 2010 fabricavit5
558 1938 591 1994 in
614 1957 673 2014 quo
700 1956 833 1995 summus
857 1938 996 1996 Sacerdos
1021 1938 1237 1996 Melchisedech

50 2019 172 2077 acrificii
192 2038 325 2076 normam
347 2018 535 2093 triumphalis
555 2018 706 2094 expressit.
750 2017 796 2076 Sit
809 2019 867 2076 tibi
880 2019 973 2076 altare
986 2019 1041 2076 hoe
1063 2019 1139 2075 sicut
1161 2018 1236 2076 illud

50 2099 116 2177 [uod
141 2099 260 2175 Moyses
288 2105 400 2175 septem
418 2099 534 2156 dierum
554 2099 759 2175 purificatione
779 2099 945 2171 mundarit,
966 2106 997 2156 et
1019 2098 1128 2156 caelcsti
1147 2098 1237 2156 tertio

51 2180 168 2256 lloquio
190 2185 323 2237 sanetum
349 2179 486 2251 vocavit,
516 2179 593 2237 sicut
613 2179 729 2237 loeutus
750 2199 782 2238 es
803 2180 840 2236 ud
867 2199 936 2237 eum
963 2179 1081 2237 dicens:
1111 2179 1142 2236 Si
1170 2178 1237 2253 quis

51 2260 170 2337 ctigerit
183 2260 276 2317 altere
290 2260 352 2331 hoc,
368 2260 568 2318 sanctificatus
580 2258 733 2318 habeatur.
775 2259 815 2317 Ia
827 2259 883 2317 hoc
897 2280 965 2335 ergo
985 2260 1074 2316 altari
1083 2258 1239 2336 juguletur

51 2341 168 2411 uxuda,
190 2342 344 2417 omnisque
364 2340 456 2398 libido
476 2341 621 2412 feriatur;
641 2341 782 2397 offeratur
801 2360 855 2417 pro
875 2341 1043 2398 turturibus
1064 2340 1239 2397 sacrificium

51 2421 191 2492 aetitatis,
205 2440 260 2497 pro
273 2422 363 2499 pullis
376 2421 576 2479 columbarum
589 2421 766 2479 innocentiae
776 2421 960 2479 sacrificium.
1003 2420 1062 2478 Per
1076 2421 1240 2479 Dominum

51 2508 183 2562 iostmm

97 2595 267 2655 Benedictio
279 2615 366 2672 cuper
379 2597 514 2656 demum:

99 2677 225 2747 Adesto,
246 2677 382 2748 Domine,
408 2676 673 2753 supplicationibus
692 2676 811 2747 nostris,
838 2682 868 2733 et
888 2675 964 2732 hanc
985 2676 1106 2733 domum
1131 2676 1240 2732 screnis

52 2758 132 2818 culis
144 2764 205 2815 titre
217 2758 335 2834 pietatis
348 2757 471 2816 illustra
514 2757 681 2815 Descendit
694 2776 782 2832 super
794 2756 963 2814 habitantes
976 2757 1009 2812 in
1023 2777 1057 2813 ea
1071 2757 1167 2832 gratia
1180 2763 1240 2812 tuso

52 2839 159 2898 ecum
173 2839 255 2915 large
268 2838 441 2911 benedictio,
456 2844 492 2896 ut
504 2838 538 2895 in
550 2837 598 2895 his
612 2837 788 2895 manufactis
801 2836 979 2894 habitaculis
993 2857 1060 2893 cum
1081 2837 1241 2894 sobrietate

52 2926 194 2977 canentes
207 2919 265 2995 ipsi
279 2926 365 2976 tuum
379 2938 495 2995 semper
507 2918 568 2976 sint
582 2917 791 2976 habitaculum.
836 2917 894 2976 Per
909 2917 1062 2974 Christum
1076 2916 1240 2973 Dominum

52 3006 184 3058 scemam
228 3001 334 3058 Amen

101 3104 174 3162 Alia
189 3103 291 3163 Oratio
305 3125 371 3163 cam
385 3104 518 3163 Oremus.
564 3103 672 3162 Oratio.

101 3185 231 3255 Exaudi,
248 3185 385 3255 Domine,
400 3184 491 3243 Pater
504 3190 613 3255 sancte,
629 3191 738 3242 aeterne
759 3183 851 3255 Deus,
866 3189 902 3241 ut
915 3183 940 3241 si
954 3204 1013 3260 qua
1033 3183 1095 3241 sint
1108 3183 1238 3257 adversa,

53 3265 141 3343 iqua
153 3265 310 3336 contraria,
324 3266 357 3323 in
379 3266 433 3323 hac
447 3265 534 3322 domo
554 3265 658 3322 famuli
678 3264 725 3320 tui
746 3263 780 3320 N
780 3308 797 3334 .,
813 3266 991 3322 auctoritate
1005 3265 1167 3341 majestatis
1180 3270 1240 3322 tuse

53 3346 200 3405 elluatus.
242 3345 303 3403 Per
316 3346 479 3403 Dominum
492 3351 636 3418 nostrum,
651 3345 672 3402 J
673 3365 756 3403 esum
771 3344 932 3417 Christum,
945 3347 1056 3403 Filium
1070 3352 1165 3418 tuum,
1182 3345 1242 3417 Qui

53 3446 141 3487 ecum
154 3427 232 3484 vivit
245 3433 276 3484 ct
288 3433 402 3504 regnat,
417 3427 454 3484 In
468 3427 592 3486 unitate.

104 3522 181 3582 Alia
194 3545 261 3582 cum
275 3523 407 3582 Oremus.
451 3523 560 3582 Oratio.

102 3602 283 3684 Benblcdic,
297 3605 434 3676 Domine,
443 3605 563 3662 domum
573 3604 659 3662 istam
675 3609 706 3661 et
716 3604 813 3662 locum
823 3604 925 3674 istum,
937 3610 973 3661 ut
986 3604 1068 3662 sitin
1079 3625 1113 3663 ea
1121 3606 1241 3675 sanitas,

54 3685 195 3758 nectite-s,
215 3685 344 3755 castitas,
358 3685 463 3757 virtus,
479 3685 611 3756 victoria,
630 3685 833 3756 sanctimonia,
849 3685 1011 3753 humilitas,
1032 3684 1149 3754 lenitas,
1163 3704 1244 3741 man·

54 3765 177 3837 uetudo,
198 3765 352 3843 plenitudo
373 3765 446 3842 legis
469 3771 500 3823 et
523 3766 690 3823 obedientia
711 3766 776 3823 Deo
804 3766 889 3823 Patri
909 3771 940 3823 et
964 3764 1040 3820 Filio
1062 3771 1092 3821 et
1116 3764 1243 3839 Spiritui

54 3848 161 3906 lenate.
204 3846 246 3903 Et
259 3846 300 3904 sit
319 3865 408 3924 super
427 3845 523 3903 locum
537 3846 629 3904 istum
643 3852 674 3903 et
691 3865 780 3922 super
798 3865 899 3903 omnes
913 3844 1080 3902 habitantes
1094 3844 1126 3900 in
1141 3863 1175 3901 eo
1188 3850 1243 3902 tua

54 3947 125 4006 arga
148 3924 363 4007 boneffidictio,
389 3932 424 3984 ut
450 3927 483 3983 in
509 3925 556 3983 his
582 3927 760 3984 manufactis
787 3926 964 3984 habitaculis
987 3943 1054 3981 cum
1081 3924 1242 3983 sobrietate

54 4013 197 4067 canentes
209 4007 268 4084 ipsi
281 4012 367 4064 tuum
380 4007 443 4064 sint
462 4026 576 4083 semper
595 4007 807 4065 habitaculum.
852 4007 909 4065 Per
930 4005 1093 4062 Dominum
1106 4009 1242 4062 nostrum

54 4088 150 4148 lesum
171 4087 326 4146 Christum
349 4087 460 4145 Filium
487 4094 583 4160 tuum,
601 4088 654 4165 qui
677 4095 775 4146 tecum
796 4087 874 4144 vivit
892 4093 923 4144 et
946 4091 1049 4161 regnat
1073 4084 1106 4142 in
1125 4084 1242 4142 unitate

54 4169 175 4250 lpisitus
188 4167 291 4227 Sancti
304 4168 394 4227 Deus.

100 4267 165 4327 His
172 4266 333 4344 predictis,
344 4275 424 4325 mat
436 4265 599 4342 Episcopus
612 4266 657 4325 oet
668 4264 808 4324 Sacerdos
817 4273 843 4322 ct
853 4265 1022 4322 introducet
1035 4261 1248 4322 iucludcruluno

55 4358 208 4412 mntem
221 4368 332 4408 cereum
344 4368 441 4418 suum,
455 4345 621 4422 incipimdo
633 4345 684 4405 boc
697 4346 924 4423 Ite-sponsoribus
935 4369 945 4404 .·

101 4430 246 4510 Regnum
272 4429 385 4502 mundi,
414 4427 530 4488 ctam
554 4435 760 4503 mseqwtur,
788 4433 820 4485 et
843 4444 961 4484 omnem
997 4430 1136 4482 ornatum
1157 4423 1249 4484 seculi
