2768 4852
457 357 632 447 &acquire
653 359 878 427 Mortuerum.
1223 364 1270 443 Ι79

116 538 304 615 Arabim

82 709 318 753 ’ψ
344 687 1263 798 'rm—...wi

129 843 239 920 Sa-na,
252 842 420 917 Demi-ue,
446 844 630 904 aui-mam
643 864 765 919 meam3
783 846 874 923 qui-a
895 866 1001 923 pec-ea
1014 882 1024 892 -
1037 847 1070 905 vi
1136 847 1232 907 ti·bi.

117 1024 303 1101 Antiphone

142 1328 359 1388 suu-ut
730 1248 1271 1419 Q

811 1455 839 1514 ll
852 1490 863 1503 -
876 1456 908 1514 V
921 1491 932 1501 ·
949 1457 976 1516 Ο
993 1492 1004 1502 -
1018 1457 1073 1515 V·
1086 1458 1119 1516 A
1137 1492 1148 1505 ·
1166 1458 1202 1519 R

119 1562 264 1623 Probum
276 1562 367 1642 (eli.)

118 1668 379 1741 Quemadmodum
398 1666 547 1728 desiderat
566 1685 673 1726 eervue
692 1664 731 1725 ud
752 1664 849 1725 fontes
868 1685 1033 1743 aquarum:
1058 1668 1102 1727 ita
1121 1667 1272 1729 desiderat

72 1766 161 1827 mima
172 1786 240 1826 mea
252 1764 293 1825 ad
304 1772 345 1839 te,
360 1766 451 1824 Deua.

118 1870 227 1931 Sitivit
249 1870 351 1929 anima
372 1888 440 1928 mea
461 1867 501 1928 ad
525 1870 625 1928 Deum
652 1868 769 1938 sortem,
792 1866 915 1927 vivum:
946 1868 1066 1947 quando
1089 1869 1218 1942 renim,
1239 1877 1272 1930 et

71 1968 209 2047 tpparubo
220 1974 293 2027 ante
305 1967 411 2026 faciem
424 1965 505 2026 Deil

119 2072 260 2135 Fuerunt
279 2072 356 2132 mihi
373 2072 512 2149 lacrymer
533 2089 607 2129 mere
628 2089 720 2149 panea
738 2070 787 2129 die
811 2089 846 2128 ae
865 2076 962 2145 noete,
977 2070 1049 2131 dum
1066 2071 1179 2132 dieitur
1195 2073 1272 2133 mihi

71 2168 210 2257 [uotidiez
230 2168 556 2229 UbieetDeuetuuel
913 2170 916 2175 '

119 2272 197 2333 Erec
209 2272 382 2333 reeordatus
394 2290 471 2343 aum,
484 2278 516 2329 et
529 2269 622 2328 effudi
634 2269 668 2328 in
681 2288 729 2327 me
742 2268 874 2327 animam
886 2289 1001 2329 meam:
1021 2272 1163 2349 quoniam
1177 2282 1272 2334 trane

71 2370 110 2433 bo
121 2371 155 2431 iu
166 2370 267 2431 lenum
280 2368 464 2431 tabernaculi
476 2366 669 2440 admirabilia,
683 2386 777 2444 usque
790 2366 828 2425 ud
842 2367 963 2425 domum
978 2368 1045 2426 Dei.

119 2476 162 2537 In
173 2494 246 2535 roua
259 2475 454 2535 exultationis
467 2479 499 2533 et
511 2473 711 2546 museaaionia,
725 2492 815 2531 sonus
828 2472 985 2549 epulantia

71 2630 79 2641 .
120 2582 222 2655 Quare
233 2580 331 2641 tristia
342 2600 384 2656 ee,
397 2581 499 2639 anima
512 2581 597 2640 meal
616 2585 649 2638 et
661 2598 753 2657 quare
767 2577 927 2637 conturbas
940 2578 1009 2635 mel

120 2686 215 2767 Spera
227 2687 261 2745 in
274 2686 349 2761 Deo,
363 2685 505 2765 quoniam
517 2684 615 2745 adhuc
634 2684 797 2744 confitebor
809 2683 874 2757 illi;
895 2682 1024 2742 salutare
1037 2683 1141 2743 vultus
1154 2686 1223 2765 mei,
1237 2695 1269 2747 et

75 2778 148 2847 llam
158 2802 253 2844 meur.

120 2888 174 2951 Ad
185 2888 334 2967 meipsum
346 2887 448 2947 anima
458 2906 526 2946 mea
537 2886 715 2946 eonturbata
728 2892 774 2943 eet
786 2906 793 2945 :
814 2891 971 2963 propterea
983 2905 1097 2947 memor
1108 2906 1159 2947 ero
1173 2888 1221 2950 tui
1233 2888 1271 2949 de

76 2980 143 3047 lun
154 2984 179 3046 J
178 2984 309 3059 ordnuia,
320 2990 353 3044 et
365 2982 526 3044 Hermonii
539 3002 558 3041 a
571 2988 673 3040 monte
686 2981 809 3040 modice

100 3098 103 3103 '
119 3091 261 3169 Atym
273 3089 413 3167 abyssum
425 3088 556 3160 inrorat,
569 3086 603 3144 in
616 3105 688 3145 voce
701 3092 917 3145 cataractarum
930 3092 1060 3148 tuarum.

120 3196 234 3257 Omnia
244 3194 363 3256 uualaa
375 3201 436 3269 tun,
451 3201 483 3254 et
495 3194 606 3253 fluetus
617 3194 666 3252 tui
678 3213 766 3272 nuper
779 3214 827 3252 me
840 3195 1031 3258 transierunt.

70 3330 91 3405 ··
120 3302 163 3363 Iu
182 3302 234 3362 die
252 3300 410 3363 mandavit
431 3298 581 3359 Dominus
602 3298 834 3358 misericordiam
855 3319 949 3373 auam,
964 3308 995 3359 et
1012 3294 1099 3362 nocte
1120 3305 1270 3364 cauticum

92 3412 134 3460 tu.

70 3402 92 3469 q
117 3504 217 3585 Apud
228 3524 277 3565 me
289 3504 387 3565 oratio
400 3503 466 3563 Deo
479 3503 551 3562 vitoe
565 3521 647 3576 mee,
660 3503 758 3561 dinem
772 3503 856 3563 Deo:
877 3504 1036 3583 Suseeptor
1052 3528 1135 3567 meua
1148 3528 1187 3568 ee.

69 3610 224 3769 m
235 3609 347 3669 oblitua
359 3628 391 3668 ea
404 3608 483 3668 meil
501 3614 535 3667 et
554 3626 648 3686 quare
668 3608 864 3668 contristatus
884 3609 998 3684 incedo,
1013 3611 1084 3672 dum
1100 3614 1208 3693 affligit
1221 3633 1269 3675 me

69 3778 206 3971 ἐξ
219 3809 450 3923 eundinguutur
462 3828 528 3871 oeaa
540 3828 613 3883 mea
629 3810 885 3889 exprobraverunt
898 3811 980 3885 mihi,
993 3811 1047 3890 qui
1059 3812 1208 3872 tribulant
1220 3833 1269 3874 me

69 3962 75 3975 ,
189 3926 260 3969 mar.

118 4016 208 4077 Dum
229 4010 336 4075 dieunt
357 4012 434 4074 milri
457 4032 511 4093 per
532 4012 665 4092 singulte
685 4012 767 4072 dies:
796 4011 862 4071 Ubi
884 4017 930 4072 eet
953 4011 1037 4071 Deua
1060 4012 1151 4071 tuuei
1178 4031 1270 4095 quare

69 4094 158 4177 Q
170 4132 214 4189 aa,
229 4112 331 4173 anima
342 4131 417 4185 maa,
431 4116 464 4171 et
476 4130 568 4190 quare
581 4111 740 4171 eonturbae
754 4110 821 4167 mel

69 4220 71 4225 '
115 4218 218 4301 flpn
228 4216 264 4277 in
276 4216 353 4295 Deo,
366 4216 508 4296 queniam
520 4214 617 4275 adbuc
633 4213 795 4274 confitebor
807 4210 854 4271 illi
866 4231 873 4271 τ
894 4211 1026 4272 salutare
1038 4212 1141 4275 vultur
1154 4213 1223 4291 mei,
1237 4224 1270 4277 et

69 4286 254 4383 lunam

109 4420 440 4505 aquitanum.
