2768 4852
357 102 524 169 dioecete
537 103 586 171 cd
598 125 702 170 urum
715 104 850 173 &rum

262 317 456 377 Bmsunrcmo
476 333 577 378 arona
596 335 635 377 nr
655 335 806 378 narrum
831 335 935 378 smus.

53 432 195 493 onnus
239 431 368 493 Oreum

53 508 191 572 Domine
209 512 285 571 Jesu
306 512 741 591 chmte,ri1i1>eivivi,qui
761 515 828 591 pius
845 520 877 573 et
896 513 1061 572 misericors
1080 533 1130 573 ore
1150 520 1203 574 tuo

10 596 103 652 neto
113 600 145 651 et
163 592 319 651 benedicto
333 592 446 666 dixisti,
461 593 576 651 Venite
587 593 627 650 ad
645 612 694 651 me
707 614 808 653 omnes
821 595 874 670 qni
893 594 1033 652 laboratis
1047 600 1078 652 et
1091 595 1206 654 onerati

10 664 82 759 ζίι,
94 679 128 731 et
140 692 195 750 ego
208 673 337 731 reficiam
350 692 411 744 ros,
425 680 457 730 et
469 672 629 731 invenietis
642 675 776 750 requiem
789 675 943 733 animabus
957 674 1081 747 vestris3
1096 675 1205 752 jugum

10 759 80 811 hm
92 771 195 811 meum
208 771 298 811 errave
311 759 375 826 est3
394 760 426 811 et
439 772 515 810 onus
534 771 635 810 meum
648 753 731 812 leve:
752 754 858 812 stolam
871 755 961 812 istam
974 761 1005 811 et
1018 754 1203 831 manipulum

10 827 91 892 itun
110 852 200 909 quem
213 832 319 890 famuli
338 832 386 890 tui
403 833 564 891 sacerdotes
578 838 610 890 et
628 833 727 891 levitae
740 833 779 892 ad
792 832 1007 892 ostendendum
1021 853 1053 891 se
1066 834 1205 892 servituti

10 922 55 967 Q
70 913 257 988 mancipatos
269 911 414 989 gestaturi
427 918 505 983 sunt,
517 909 746 991 beneffldicere,
761 911 992 994 sanctiffificare
1004 919 1095 989 atque
1108 933 1205 972 conse-

10 1002 127 1050 *erare
140 992 280 1068 digneris,
294 998 441 1068 quatenus
459 992 501 1050 eis
514 997 632 1050 utentes
642 994 750 1070 jugum
769 998 857 1051 tuum
870 1012 961 1051 suave
978 999 1009 1051 et
1029 1012 1104 1050 onus
1117 1000 1205 1050 tuum

10 1078 63 1128 ve
74 1072 219 1142 sentiant,
233 1077 264 1130 et
277 1071 433 1130 animabus
446 1072 507 1129 suis
519 1071 653 1147 requiem
666 1073 822 1132 inveniunt
838 1074 1055 1150 sempiternam.
1098 1072 1158 1131 Per
1172 1078 1204 1132 te

10 1142 138 1212 strator
149 1151 265 1226 mundi,
282 1151 349 1210 Rex
361 1152 472 1230 gloriae.
514 1150 573 1221 Qui
586 1151 671 1212 vivis

430 1390 624 1448 Bmmicrro
645 1403 775 1448 cassam
840 1389 844 1397 '

56 1552 142 1610 Deus
166 1549 233 1608 fons
254 1549 376 1626 pietatis
399 1554 430 1607 et
449 1548 587 1625 justitiae,
609 1549 661 1624 qui
684 1548 730 1606 tui
757 1549 854 1625 operis
875 1549 1027 1609 ministros
1050 1552 1087 1609 ad
1108 1561 1205 1611 extre·

10 1636 81 1690 flam
103 1629 351 1689 vestimentorum
371 1647 492 1687 suorum
512 1628 620 1700 casula,
641 1629 726 1704 cujus
746 1629 932 1688 munimento
952 1631 1078 1689 interius
1101 1633 1204 1692 omnia

10 1715 181 1787 *gerentum
215 1709 320 1768 vestiri
353 1708 481 1767 sanxisti
514 1708 638 1765 concede
672 1707 807 1784 precibus
846 1710 956 1768 nostris
988 1711 1132 1768 virtutem
1172 1718 1203 1770 et

10 1776 294 2027 ffiffiffictionem
313 1788 417 1866 grstiae
440 1794 509 1861 tuse,
531 1793 567 1846 ut
587 1806 688 1845 omnes
704 1786 760 1844 hec
783 1787 883 1845 casula
902 1789 1002 1846 induti
1023 1791 1202 1849 enumeratis

88 1891 126 1930 us
160 1870 294 1928 omnium
320 1868 469 1927 virtutum
499 1867 691 1938 ornamentis,
718 1868 871 1924 vinculum
903 1868 1038 1943 perfectae
1071 1869 1203 1928 caritatis

28 1954 31 1959 '
105 1950 208 2008 omnia
226 1949 356 2007 habeant
377 1954 408 2007 et
428 1954 600 2006 conservent
610 1965 619 2019 3
646 1966 705 2023 quo
729 1948 868 2023 perficere
889 1947 1008 2004 valeant
1028 1947 1204 2006 sacrificium

10 2020 57 2091 W
65 2037 185 2108 gratum
199 2048 253 2105 pro
266 2028 344 2085 vivis
357 2035 388 2086 et
400 2027 534 2097 mortuis,
543 2033 574 2085 et
587 2046 653 2103 quse
666 2026 790 2102 adipisci
802 2025 979 2099 desiderant,
989 2027 1203 2086 devotamento

10 2094 120 2188 ltaplere
132 2109 261 2168 valeant
304 2109 469 2166 Praestsnte
489 2106 619 2165 Domino
631 2111 740 2164 nostro.
785 2104 845 2175 Qui
859 2105 943 2163 vivit.

159 2345 353 2404 Busnmono
373 2360 551 2421 mersura,
573 2362 629 2404 sau
651 2360 869 2404 amrmemus
889 2345 1036 2403 Anrsnrs.
1076 2417 1079 2422 Ι

62 2457 173 2517 Oratio.

60 2536 182 2595 Exaudi
204 2555 304 2612 preces
327 2542 452 2609 nostras,
478 2536 626 2596 Domine:
660 2543 691 2595 et
712 2538 774 2595 haec
801 2536 975 2594 linteamina
1004 2536 1081 2594 sacri
1104 2534 1206 2594 altaris

10 2617 69 2677 sui
80 2622 247 2694 preparata
259 2612 486 2695 beneffidicere,
501 2623 532 2675 et
545 2614 775 2697 sanctiffificare
789 2616 925 2694 digneris.
968 2617 1027 2674 Per
1040 2614 1204 2674 Dominum

10 2702 145 2757 rostrum.

63 2792 175 2852 Oratio.

59 2872 191 2931 Domine
211 2870 294 2929 Deus
313 2870 506 2946 omnipotens,
522 2871 575 2947 qui
594 2871 721 2946 Moysen
741 2871 885 2930 famulum
906 2878 992 2929 tuum
1009 2891 1063 2949 per
1082 2871 1204 2948 quadra

10 2952 85 3033 ginta
104 2952 167 3010 dies
189 2956 364 3008 ornamenta
387 2958 418 3007 et
437 2951 613 3008 linteamina
636 2952 731 3010 facere
751 2952 885 3025 docuisti,
907 2971 972 3029 quae
994 2953 1085 3012 etiam
1105 2952 1204 3012 Maria

10 3033 102 3092 exuit
134 3031 168 3089 in
201 3050 289 3089 usum
322 3029 504 3089 tabernaculi
538 3031 676 3103 foederis3
711 3030 939 3110 beneffidioere
974 3032 1204 3112 sanctiffificare

10 3118 32 3171 tt
51 3108 268 3190 oonsefflcrare
288 3109 418 3186 digneris
437 3110 499 3167 hsec
519 3110 694 3168 linteamina
706 3111 744 3168 ad
764 3113 922 3189 tegendum
940 3119 971 3170 et
991 3113 1203 3173 involvendum

10 3192 96 3251 tltare
116 3189 319 3269 gloriosissimi
343 3189 416 3246 Filii
437 3190 484 3248 tui
505 3190 628 3247 Domini
647 3191 743 3248 nostri
763 3191 836 3250 Jesu
858 3192 977 3250 Christi
1025 3193 1086 3264 Qui
1105 3200 1204 3254 tecum

10 3271 86 3332 rivis.

63 3511 106 3570 Or
145 3509 151 3523 ¹
425 3430 618 3490 Bsusmorro
640 3447 773 3489 rursus.

106 3519 174 3568 atro.

61 3591 190 3650 Oramus
204 3584 311 3648 fratres
324 3589 515 3664 dilectissimi,
530 3596 565 3649 ut
578 3591 688 3650 divinae
708 3590 810 3666 gratiae
823 3587 988 3646 benedictio
1008 3584 1206 3722 cousssfficret

10 3679 31 3732 c
52 3666 265 3749 sancufflficet
284 3669 361 3728 hanc
376 3677 514 3747 patenam
534 3672 571 3730 ad
591 3668 836 3747 confringendum
855 3667 888 3724 in
902 3685 937 3724 ea
957 3684 1061 3741 corpus
1112 3666 1205 3724 omini

10 3752 97 3810 rostri
116 3749 139 3807 J
141 3768 191 3807 esu
206 3749 328 3821 Christi,
342 3751 395 3826 qui
415 3751 509 3809 crucis
529 3750 695 3827 passionem
715 3747 859 3807 sustinuit
880 3765 934 3823 pro
954 3743 1049 3802 salute
1069 3746 1203 3803 omnium

10 3838 147 3891 rostrum.
191 3829 251 3900 Qui
264 3830 342 3888 vivit
355 3836 386 3889 et
399 3836 510 3907 regnat

64 3928 176 3988 Oratio.

64 4007 262 4083 Omnipotens
288 4008 465 4084 sempiterne
490 4003 581 4077 Deus,
609 4006 662 4082 qui
689 4004 828 4081 legalium
855 4001 1011 4061 institutor
1040 4020 1070 4058 es
1097 4000 1205 4060 hostis·

10 4110 70 4149 nm
84 4109 91 4145 ε
112 4088 223 4164 quique
243 4088 385 4145 intereas
398 4103 582 4161 conspersam
602 4084 799 4162 similaginem
813 4082 921 4141 deferri
934 4080 966 4137 in
980 4081 1094 4156 patenis
1107 4081 1205 4141 aurcis

10 4177 33 4229 :t
59 4168 208 4246 argenteis
239 4167 277 4226 ad
308 4166 401 4226 altare
433 4170 520 4220 tuum
551 4164 686 4239 jussisti:
721 4162 948 4242 beneffidicere,
975 4159 1204 4242 sanctiffificsre
