2768 4852
137 303 201 366 104
513 298 763 366 Beaedictioaes
787 298 967 367 sames.

195 481 308 540 Deinde
322 481 422 541 tradat
436 480 462 540 ei
476 480 611 540 bandum
625 480 744 542 dicem:

197 579 256 638 Per
276 580 356 639 huno
376 578 516 637 baculum
538 579 664 656 accipias
685 579 920 638 benedictionem
942 587 973 638 et
993 579 1229 639 misericordiam
1243 599 1261 637 a
1275 580 1332 638 Deo

135 675 260 734 salutari
272 680 332 732 tuo.
377 675 438 746 Qui
451 675 537 734 vivit

196 773 341 832 Psalmus.
385 773 468 831 Deus
482 772 659 832 misereatur
672 773 790 852 (levit)

196 870 344 928 Psalmus.
387 871 475 928 Beati
487 871 672 930 immaculati
686 873 800 950 (acis.)

196 967 342 1026 Psalmas.
386 967 568 1027 Benedictus
580 968 728 1027 Dominus
742 969 825 1026 Deus
838 969 931 1028 Israel
945 969 994 1046 (S.
1010 970 1081 1028 Lao.
1098 970 1117 1027 i
1136 970 1200 1047 68).

199 1066 302 1123 Gloris
316 1065 408 1123 Patri

198 1164 295 1239 Kyrie
309 1163 436 1240 eleyson
479 1163 598 1221 Christe
611 1164 739 1241 eleyson.
783 1164 880 1242 Kyrie
894 1165 1022 1242 eleyson.

197 1261 289 1319 Pater
301 1268 409 1318 noster.
453 1260 495 1317 Et
508 1279 546 1318 ne
560 1279 623 1319 nos.
666 1261 724 1319 Sed
737 1261 839 1320 libera.

199 1358 322 1416 Salvum
335 1358 382 1415 fae
395 1378 514 1416 serrum
528 1365 633 1416 tuam:
722 1412 725 1419 ,

239 1455 322 1514 Deus
335 1475 418 1513 meus
431 1462 600 1531 sperantem
614 1456 647 1513 in
661 1462 698 1514 te.

198 1552 290 1610 Mitte
304 1553 340 1625 ei,
356 1554 495 1627 Domine,
509 1554 658 1612 auxilium
672 1555 709 1612 de
722 1559 843 1612 sancto:

239 1649 281 1707 Et
295 1649 331 1707 de
346 1650 418 1708 Sion
432 1657 517 1709 tuere
531 1670 607 1709 cum.

563 1894 631 1952 Pao
652 1911 723 1952 rrss
743 1895 934 1953 Acarnane.

200 2037 226 2094 Ο
242 2036 370 2093 Domine
383 2037 479 2095 salvos
493 2056 542 2095 eos
556 2037 609 2096 fac.
654 2038 680 2095 Ο
695 2037 831 2109 Domine,
845 2039 919 2096 bene
932 2057 1113 2117 prosperare

197 2133 384 2206 Benedictus,
400 2136 453 2211 qui
466 2136 551 2193 venit
565 2136 598 2192 in
612 2136 732 2194 nomine
747 2136 880 2194 Domini.

201 2231 330 2289 Domine
344 2231 427 2289 Deus
440 2233 598 2290 virtutum,

202 2328 243 2385 Et
257 2330 385 2389 ostende.

201 2426 330 2483 Domine
345 2427 460 2484 exaudi.

201 2523 349 2581 Dominus
363 2525 522 2582 vobiscum.
566 2524 700 2582 Oramus.
746 2524 856 2582 Oratio.

201 2619 396 2697 Omnipotens
410 2623 608 2699 sempiternus
619 2624 709 2689 Deus,
722 2623 774 2697 qui
784 2629 829 2679 est
839 2623 888 2681 via
898 2622 1008 2680 veritas
1019 2627 1050 2680 et
1060 2622 1133 2694 vita,
1145 2624 1202 2681 iter
1213 2631 1297 2681 tuum
1307 2625 1334 2681 in

138 2716 322 2792 beneplacito
346 2740 399 2777 suo
424 2721 569 2797 disponat,
597 2721 737 2796 angelum
760 2726 896 2776 sanetum
918 2719 1101 2796 Raphaelem
1126 2721 1158 2777 in
1181 2721 1235 2780 hac
1257 2742 1332 2798 pere·

138 2815 304 2888 grinatione
327 2826 378 2874 tua
398 2820 550 2875 custodem
570 2819 718 2889 adhibeat,
734 2819 786 2893 qui
800 2819 837 2875 ad
852 2818 915 2875 loca
935 2818 1101 2875 desiderata
1125 2839 1192 2878 cum
1216 2840 1286 2897 paee
1308 2827 1334 2876 te

140 2912 236 2968 eunde
261 2915 409 2987 perducat,
426 2922 538 2973 etcum
559 2916 655 2972 salute
679 2916 788 2972 iterum
809 2916 848 2972 ad
870 2935 923 2972 nos
947 2916 1096 2973 redeundo
1118 2917 1249 2974 redueat.
1291 2917 1333 2973 Sit

139 3008 339 3068 interventrix
364 3015 411 3070 tui
434 3015 521 3070 beata
546 3013 603 3071 Dei
622 3014 755 3089 genitrix
780 3013 879 3071 Maria
901 3034 969 3071 eum
993 3014 1142 3071 universis
1163 3014 1287 3090 Angelis
1306 3018 1332 3068 et

141 3107 345 3185 Archangelis,
375 3112 556 3169 Patriarchis
590 3131 707 3187 quoque
741 3117 772 3168 et
804 3111 968 3188 Prophetis.
1038 3112 1107 3168 Sint
1135 3113 1333 3171 intercessores

141 3206 236 3262 sancti
259 3209 396 3283 Apostoli
424 3211 532 3267 Petrus
560 3216 591 3266 et
615 3211 727 3266 Paulus
754 3229 822 3265 cum
849 3210 955 3266 ceteris
975 3210 1124 3285 apostolis,
1151 3211 1333 3286 martyribus,

140 3302 353 3362 consessoribus
368 3313 398 3364 et
412 3309 585 3384 virginibus.
629 3309 830 3383 Obtineatque
846 3308 903 3363 tibi
916 3308 1011 3365 saneti
1025 3307 1078 3379 N,
1093 3327 1220 3383 quorum
1234 3309 1333 3385 quiens

140 3400 288 3477 suffragia,
304 3425 371 3459 eum
386 3406 522 3462 omnibus
546 3406 656 3463 sanetis
675 3406 759 3481 justa
783 3404 927 3460 desideria
947 3410 978 3460 et
998 3407 1227 3482 prosperitatem
1240 3405 1332 3463 remis·

141 3497 313 3575 sionenrque
340 3508 526 3576 peecatorum
550 3522 584 3561 ac
607 3504 700 3559 vitam
728 3508 877 3559 aternam.
929 3501 987 3559 Per
1015 3502 1180 3560 Dominum
1208 3511 1336 3561 nostrum

142 3597 248 3656 Jesuni
264 3599 424 3656 Christum.

163 3813 355 3872 Bssnmemo
377 3814 492 3872 Caucis
515 3831 552 3871 nr
573 3830 678 3872 sonus
699 3831 752 3883 ern
774 3832 806 3872 nr
828 3815 1038 3874 Hmnusinsu
1060 3831 1324 3876 rsorrcrseusrun

205 3981 355 4064 [Benedic,
373 3980 509 4051 Domine,
525 3979 601 4036 hanc
615 3998 730 4036 erucem
751 3979 803 4055 qui
823 3998 876 4055 per
895 3980 1040 4036 virtutem
1054 3984 1164 4036 sanctae
1178 3979 1273 4037 crucis
1285 3985 1339 4035 ture

143 4082 288 4138 mundum
315 4102 333 4139 a
360 4085 507 4158 potestate
534 4079 701 4136 daemonum
729 4077 870 4150 liberasti,
899 4083 929 4135 et
956 4076 1107 4134 sanctifica
1132 4077 1219 4134 illam
1246 4085 1282 4135 ut
1306 4077 1341 4133 sit

141 4174 269 4234 inimicis
282 4179 343 4235 tuis
357 4177 542 4237 obstaculum
557 4184 588 4233 et
597 4177 629 4232 in
639 4182 670 4232 te
680 4175 867 4232 credentibus
880 4180 1059 4251 perpetuum
1072 4173 1178 4231 salutis
1191 4174 1341 4244 vexillum,

146 4269 282 4329 Salvator
295 4274 408 4346 mundi,
425 4274 567 4345 Quicum
581 4274 645 4331 Deo
660 4271 866 4330 Patre-MS.
888 4268 987 4352 loris]

207 4367 343 4438 Benedic,
356 4370 493 4442 Domine,
504 4371 580 4427 hanc
593 4389 708 4427 erucem
723 4377 806 4429 tuam
829 4389 888 4446 qua
911 4368 1049 4446 eripuisti
1062 4369 1209 4427 mundum
1224 4390 1243 4429 a
1256 4377 1346 4448 potes
