2768 4852
414 324 642 391 Meoeeolced
656 346 760 392 esum
774 325 909 392 Surum.
1203 328 1264 390 85·

125 486 182 546 His
204 488 292 548 dictis
311 489 432 548 dicotur
452 489 594 549 Psalmuc
614 491 767 562 Miserere,
789 510 856 550 com
875 490 1056 566 Antiphone.
1116 489 1263 567 Requiem

71 573 215 626 sternam.

125 647 192 718 Qua
204 650 295 720 dicte,
309 649 390 707 dieat
402 649 543 708 Sacerdos
555 650 589 708 in
603 651 712 708 auditu
726 650 866 709 omnium.

123 726 215 786 Pater
234 736 352 787 noster:
377 748 431 805 pro
452 730 552 787 anima
572 731 636 806 ejus
649 730 688 789 N.
705 736 736 787 et
756 750 810 807 pro
829 730 984 788 animabus
1004 749 1131 807 qnorum
1151 750 1216 787 osse
1228 730 1262 787 in

71 825 117 864 :oc
126 809 291 866 caemeterio
301 808 348 866 vel
361 809 395 866 in
407 808 473 867 aliis
486 810 683 887 requiescunt,
703 817 734 868 et
747 829 801 887 pro
814 810 969 868 animabus
982 811 1115 868 omnium
1129 810 1261 868 fidelium

71 886 275 945 .efunctornm

122 967 235 1026 Deinde
248 967 326 1026 dicet
340 967 496 1027 Sacerdos:

122 1046 162 1104 Et
175 1066 214 1104 ne
227 1067 300 1106 nos:
322 1048 380 1105 Sed
393 1048 493 1106 libera

122 1128 153 1183 A
166 1133 254 1202 porta
268 1127 373 1186 inferi:

161 1206 252 1278 Erue,
267 1208 406 1279 Domine,
421 1208 534 1266 animas
547 1227 657 1268 eorum

122 1284 170 1343 Ne
183 1288 291 1358 trades,
307 1287 443 1361 Domine,
458 1287 560 1345 bestiis
573 1288 687 1345 animas
700 1289 873 1346 confitentes
886 1288 960 1346 tibi:

161 1366 203 1423 Et
215 1367 330 1425 animas
343 1386 506 1444 pauperum
519 1374 639 1425 tuorum
653 1387 691 1426 ne
705 1368 886 1426 oblivisceris
899 1370 931 1425 in
945 1369 1042 1426 finem.

121 1444 269 1505 Dominus
282 1448 441 1506 vobiscum
485 1447 618 1507 Oremus.

122 1524 231 1584 Oratio.
273 1527 365 1599 Deus,
393 1529 478 1603 eujus
504 1528 693 1585 miseratione
719 1528 825 1586 enimse
852 1528 984 1586 fidelium
1011 1529 1208 1604 requiescunt,
1233 1534 1259 1588 et

71 1613 151 1662 ecem
163 1615 198 1663 et
211 1627 313 1682 supro,
327 1626 355 1684 p.
373 1608 439 1665 102.

119 1686 224 1744 Postea
242 1696 398 1745 reverentes
417 1686 514 1745 elerici
533 1686 568 1744 de
582 1686 703 1760 carriolo,
723 1688 825 1746 dicooct
844 1697 949 1764 septem
968 1688 1102 1747 Psolroos
1117 1687 1258 1765 poeniten·

73 1764 148 1835 iales,
164 1766 209 1824 vel
221 1766 375 1825 Psalmum
388 1767 435 1825 De
448 1767 611 1843 profundis,
626 1788 692 1826 cum
704 1767 877 1843 Antiphone
890 1769 1036 1845 Requiem
1050 1776 1197 1828 uternam.

117 1846 144 1904 S
174 1855 285 1904 uetur:

118 1866 216 2002 Keyqfie
230 1925 355 2002 eleyson.
399 1927 517 1985 Christe
531 1927 656 2002 eleyson.
698 1927 795 2004 Ky1ie
809 1928 934 2005 eleyson.

117 2005 210 2064 Pater
223 2014 330 2065 noster.
371 2007 412 2065 Et
426 2027 465 2065 ne
478 2026 549 2065 uos:
571 2006 628 2065 Sed
642 2007 742 2065 libera.

117 2088 148 2144 A
163 2092 251 2162 porta
264 2086 369 2145 inferi:

158 2166 249 2237 Erue,
264 2166 402 2240 Domine,
417 2166 531 2224 animas
544 2185 654 2224 eorum.

116 2247 231 2304 Anima
246 2248 309 2322 ejus
323 2248 355 2304 in
369 2247 455 2305 bonis
469 2246 651 2305 demoretur:

157 2326 198 2383 Et
212 2346 311 2385 semen
325 2327 388 2403 ejus
401 2327 556 2384 haereditet
568 2333 688 2387 terram.

115 2405 212 2464 Credo
226 2406 327 2464 ridere
341 2408 418 2464 bona
428 2407 551 2465 Domini
565 2426 571 2465 :

156 2486 196 2542 In
213 2492 289 2544 terra
302 2487 477 2544 viventium.

113 2565 147 2624 N
148 2585 188 2622 on
202 2565 295 2624 intres
309 2568 341 2624 in
351 2567 498 2642 judicium
512 2585 579 2623 eum
592 2585 678 2624 servo
692 2572 754 2637 tuo,
770 2564 908 2622 Domine.

155 2645 236 2715 Quia
248 2666 308 2704 non
317 2646 532 2721 justificabitur
545 2646 577 2704 in
591 2652 748 2723 conspeetu
763 2651 816 2704 tuo
830 2645 926 2702 omnis
939 2643 1051 2701 virens.

113 2725 264 2783 Dominus
277 2727 437 2785 vobiscum

115 2806 251 2864 Oremus.
296 2806 406 2864 Oratio.

112 2884 283 2943 Satisfaciut
296 2885 364 2957 tibi,
378 2885 507 2944 Domine
520 2886 603 2943 Deus
619 2890 729 2956 noster,
739 2904 793 2962 pro
807 2885 907 2942 anima
919 2884 1023 2941 famuli
1037 2882 1083 2940 tui
1097 2883 1136 2943 N.
1153 2883 1254 2941 fratris

71 2966 157 3037 ostri,
172 2971 280 3023 sanetus
303 2965 362 3023 Dei
385 2965 541 3042 genetricis
564 2984 736 3042 semperque
756 2965 880 3042 virginis
902 2964 1006 3022 Mariae
1030 2970 1061 3022 et
1076 2963 1254 3021 sanctissimi

71 3044 180 3122 postoli
200 3045 248 3102 tui
268 3045 352 3103 Petri
373 3046 564 3121 omniumque
585 3052 754 3104 sanctorum
777 3051 897 3102 tuorum
919 3045 1022 3116 oratio,
1048 3051 1079 3103 et
1100 3044 1253 3121 proesentis

71 3124 174 3182 rmiliae
187 3130 247 3182 tuae
261 3124 381 3183 humilis
390 3131 421 3184 et
432 3126 540 3183 devota
549 3125 733 3202 supplicatio,
744 3130 780 3181 ut
789 3131 974 3201 peecatorum
988 3126 1120 3183 omnium
1134 3125 1253 3184 venium

70 3223 142 3262 uam
156 3223 311 3280 precamur
324 3206 465 3278 obtineat,
479 3224 533 3263 nee
553 3225 619 3263 eam
639 3205 762 3281 patiaris
781 3205 905 3262 eruciari
918 3205 1129 3282 gehennalibus
1150 3206 1250 3283 paenis,

71 3304 142 3341 uem
157 3283 228 3341 Filii
241 3286 289 3343 tui
302 3285 425 3343 Domini
439 3285 535 3344 nostri
555 3285 577 3342 J
578 3304 630 3344 esu
647 3283 758 3342 Christi
777 3285 907 3362 pretioso
927 3288 1069 3365 sanguine
1091 3286 1249 3346 redemisti.

71 3366 112 3435 !ui
128 3371 236 3422 tecum.
490 3388 494 3393 ·

110 3442 222 3519 Infine
235 3445 367 3503 omnium
379 3445 504 3504 demisso
517 3465 579 3503 voce
593 3444 712 3503 dicatur
724 3443 786 3503 sic:

109 3526 226 3583 Anima
239 3526 312 3600 ejus,
327 3531 358 3583 et
370 3524 476 3583 animae
490 3525 622 3583 omnium
635 3524 768 3583 fidelium
781 3525 987 3584 defunctorum
1000 3546 1053 3603 per
1067 3526 1125 3584 Dei
1138 3526 1249 3584 miseri-

71 3604 183 3664 ordiam
196 3604 382 3681 requiescant
395 3605 427 3662 in
441 3624 519 3682 paee.
562 3605 671 3663 Amen.

85 3801 189 3860 Mrsss
209 3816 251 3858 oe
273 3800 395 3859 Senem
415 3800 521 3859 Caucis
540 3798 660 3878 (Surum
674 3799 787 3871 Missal,
803 3795 999 3855 Burntislend
1013 3796 1077 3866 Ed,
1090 3814 1118 3872 p.
1133 3796 1213 3873 748).

200 3955 303 4014 Missi
315 3971 357 4013 mr
378 3954 409 4013 S.
423 3955 535 4014 Murus
554 3975 607 4032 per
619 3961 716 4014 totum
731 3953 906 4012 Adventum
921 3949 1002 4028 (ibid,
1019 3949 1098 4029 761).

71 4108 152 4165 [1ssn
165 4120 207 4162 or
224 4104 254 4161 S.
271 4103 383 4161 Mirus
394 4119 416 4160 n
430 4103 684 4175 Pemrmnrrorn,
702 4120 793 4176 esque
813 4098 855 4156 ad
873 4097 1048 4156 Adventum
1067 4097 1149 4176 (ibid,
1166 4097 1247 4177 779).

198 4252 352 4311 Ensrom
372 4266 410 4308 nr
430 4249 637 4310 Evmurmuu
658 4266 700 4307 ns
719 4247 889 4305 Turmrare
910 4243 993 4322 (ibid,
1016 4245 1099 4323 736).

332 4395 434 4454 M1ssa
454 4410 495 4452 nn
516 4395 635 4455 Serere
655 4395 781 4453 Semne
796 4390 871 4470 (ibid
885 4389 967 4467 743).
