2768 4852
101 394 142 455 28
424 386 513 456 Ouio
534 386 582 454 cd
596 384 765 473 jaciendo
784 384 979 473 Spoueclic

161 573 257 649 Kyrie
270 572 396 649 eleyson.
440 571 562 631 Christe
574 571 702 649 eleyson.
748 570 847 649 Kyrie
859 568 989 647 eleyson.

158 670 219 729 Hie
231 676 309 745 φοραί
321 668 462 727 docendos
474 667 693 728 circumstantes
705 686 790 728 orare
798 684 856 744 pro
869 665 912 725 eie
923 664 1046 725 dicem:

159 766 251 826 Peter
264 772 374 825 noster.
418 765 459 823 Ει
472 784 511 824 nc
525 784 588 823 nos.

159 864 463 923 Salsumfnoservum
476 864 853 923 tuumetuneillemtuem:
868 862 953 921 Deus
960 880 1057 933 mene,
1065 857 1283 939 epcmntceintc
1335 846 1341 881 ³

158 960 231 1019 Esto
245 960 296 1032 eie,
311 960 450 1031 Domine,
464 958 558 1017 turris
570 959 778 1019 fortitudinis:
798 958 918 1018 Afncic
930 976 1058 1019 nmmicl.
1335 947 1341 1027 ‚⁵

158 1058 246 1116 Nihil
266 1058 403 1135 proficiet
426 1056 566 1116 inimicus
586 1056 620 1114 in
640 1058 702 1117 eis:
729 1058 772 1117 Et
792 1056 873 1117 filine
894 1055 1071 1133 iniquitatis
1095 1074 1160 1115 non
1180 1058 1288 1133 epponi
1335 1044 1340 1073 ³

98 1175 204 1216 nocere
217 1156 268 1217 eie.

159 1252 251 1311 Mitte
265 1251 316 1337 eis,
331 1251 469 1323 Domine,
483 1250 631 1309 auxilium
644 1251 682 1310 de
694 1256 815 1311 sencto:
836 1250 879 1309 Et
890 1248 928 1309 de
941 1248 1017 1308 Sion
1030 1255 1121 1309 tuere
1134 1268 1192 1309 ces.

157 1350 239 1409 Deus
250 1349 398 1408 custodiet
408 1368 457 1407 eos
467 1349 505 1407 eb
519 1349 601 1407 omni
611 1349 706 1408 melo:
730 1348 888 1408 Custodiet
897 1347 1013 1407 enimes
1021 1353 1143 1407 vestros
1153 1345 1302 1407 Dominm·

158 1448 306 1506 Dominus
322 1447 480 1505 vobiscum.
524 1447 659 1509 Oremns.
703 1447 814 1507 Oratio.

158 1545 240 1603 Deus
254 1543 417 1615 Abrnhnm,
434 1543 518 1602 Deus
537 1542 631 1616 Iesse,
647 1544 730 1602 Deus
748 1543 852 1615 Jacob,
867 1543 951 1603 Deus
968 1542 1114 1601 vivorum
1133 1548 1167 1603 et
1183 1548 1295 1602 monne·

94 1642 248 1719 1·um,ipse
268 1642 430 1718 conjunget
448 1659 521 1713 voe3
541 1639 722 1718 impleatque
740 1640 889 1700 Dominus
906 1637 1155 1699 benedictionem
1174 1636 1296 1699 suumin

91 1758 153 1799 vos.
197 1737 256 1797 Per
270 1737 424 1797 Christum
439 1736 603 1795 Dominum
617 1743 764 1795 nostrum.
807 1736 917 1794 Amen.

154 1834 288 1893 Oremus
332 1832 467 1909 Respice,
486 1832 622 1904 Domino,
638 1832 675 1891 de
693 1832 765 1891 coelo
781 1838 885 1891 saneto
902 1837 955 1890 tuo
973 1830 1167 1907 superbene
1186 1848 1296 1892 consm-
1336 1856 1341 1875 ·

92 1931 214 2002 tionem,
239 1938 271 1988 et
293 1930 346 2006 qui
367 1929 476 1988 misisti
500 1935 637 1987 sanctum
662 1928 801 2007 engelum
827 1934 915 1987 tuum
942 1926 1134 2004 Ruphnclem
1155 1928 1254 1989 'sebit
1271 1934 1297 1985 ct

94 2027 173 2084 Sarae
194 2026 262 2084 filiae
283 2026 434 2103 Reguelis,
457 2027 509 2099 its,
533 2027 672 2099 Domine,
696 2027 784 2085 mitte
804 2022 1091 2105 benedictifflonem
1113 2031 1202 2085 tuem
1221 2042 1299 2103 super

94 2124 167 2181 istos
180 2123 386 2195 adolescentes,
408 2130 443 2182 ιιι
461 2125 494 2181 in
512 2130 567 2183 tun
579 2124 737 2184 voluntate
756 2128 958 2202 permaneant,
971 2128 1003 2182 et
1020 2123 1055 2181 in
1073 2128 1133 2183 tue
1150 2124 1299 2185 eecniimte

94 2219 266 2292 consistent,
290 2227 321 2277 et
344 2220 377 2277 in
400 2240 499 2278 umore
521 2226 574 2279 tuo
595 2220 701 2279 vivent
723 2227 755 2279 ct
778 2225 931 2279 senescent
954 2224 985 2278 et
1004 2218 1251 2297 multiplicentur
1270 2218 1298 2278 in

95 2315 313 2393 longitudinem
327 2316 450 2375 dierum.
493 2316 560 2375 Per.
1334 2326 1341 2431 Ι

158 2414 242 2475 Teuc
254 2423 449 2493 asperqcutur
462 2415 732 2497 &introducuntur
744 2415 779 2474 iu
788 2415 942 2489 occistians,
951 2423 978 2474 et
988 2416 1156 2492 prostrates
1167 2414 1298 2476 meane
1337 2440 1341 2467 ι

91 2514 221 2592 ortuum
234 2513 359 2585 ultore,
373 2512 514 2571 Sacerdos
527 2512 562 2571 iu
575 2512 671 2572 eundo
684 2532 751 2572 eum
764 2512 827 2572 sues
839 2510 986 2571 ministris
998 2510 1082 2571 dieat
1096 2510 1274 2572 Peclmum:

155 2610 242 2669 Beati
256 2607 423 2685 omnesqui
437 2608 546 2665 timent
559 2607 732 2679 Dominum,
748 2617 775 2666 et
789 2615 880 2667 cetera
893 2606 1035 2685 (mett)
1077 2606 1187 2667 Gloria
1199 2605 1287 2666 Pam

156 2707 253 2783 Kyrie
264 2707 389 2782 eleyson.
418 2704 672 2780 Oluieteeleyson.
702 2704 799 2781 Kys-ie
809 2704 935 2781 eleyson.
962 2702 1181 2763 Paternoeter.
1208 2704 1249 2764 Et
1258 2720 1298 2761 nc.

156 2805 278 2862 Salvum
287 2804 332 2862 sue
341 2796 459 2862 servum
468 2809 555 2859 tuum
563 2801 741 2861 etuneillum
750 2809 847 2860 tuem:
862 2801 946 2860 Deus
953 2819 1047 2873 meus,
1059 2801 1296 2878 spernnteeinte

157 2900 305 2957 Dominus
329 2899 477 2958 eustodiet
500 2919 553 2957 sos
577 2900 615 2957 ub
642 2899 725 2957 onmi
746 2899 843 2957 malo:
869 2897 1026 2957 Onetodiut
1046 2897 1169 2957 enimes
1192 2904 1297 2959 vesties

96 2995 250 3055 Dominus

152 3094 299 3151 Dominus
317 3093 466 3152 custodiet
481 3093 639 3150 introitum
658 3097 793 3151 vestium
814 3098 845 3150 ct
859 3091 975 3150 exitum
988 3096 1148 3152 vestrum:
1177 3092 1294 3161 mune,
1330 3074 1341 3231 1

90 3210 169 3251 nuuc
182 3197 214 3250 et
224 3211 317 3267 usque
331 3191 364 3248 in
378 3189 526 3248 saeeulum.

150 3288 298 3349 Dominus
312 3288 471 3345 vobiscum.
516 3286 558 3343 Et
572 3305 640 3344 cum
653 3285 762 3362 spiritu
775 3292 836 3344 tuo.
880 3285 1018 3344 Olemus.

149 3387 231 3444 Deus
246 3384 411 3455 Abraham,
422 3384 504 3441 Deus
518 3383 610 3452 Isnne,
623 3381 706 3439 Deus
719 3381 823 3454 Jacob,
834 3380 957 3440 benedic
968 3380 1210 3443 adolescentulos
1222 3382 1294 3454 istus

90 3489 121 3541 et
145 3482 258 3540 semina
279 3500 378 3539 semen
400 3479 471 3538 vitae
498 3485 616 3537 mternae
640 3478 672 3536 in
700 3478 851 3537 mentibus
878 3497 990 3551 eorum,
1013 3484 1049 3536 ut
1076 3478 1225 3557 quicquid
1249 3496 1295 3557 pro

88 3578 221 3636 utilitute
232 3597 285 3635 suu
295 3577 462 3650 didicerint,
473 3577 529 3634 hoc
539 3576 632 3635 fucere
647 3576 777 3653 cupient,
788 3594 841 3652 per
851 3576 873 3634 J
874 3594 957 3634 esum
971 3574 1138 3647 Chiistum,
1152 3593 1295 3655 recuperor

89 3680 185 3731 torem
195 3672 358 3744 hominum,
369 3672 479 3729 Filium
491 3677 578 3730 tuum
586 3671 782 3749 unigenitum.
806 3671 865 3741 Qui
879 3678 985 3730 tecum.
1009 3670 1069 3730 Per
1079 3672 1186 3733 omnin
1198 3670 1294 3731 ssecnh
1331 3664 1341 3817 1

93 3770 275 3831 saeculorum.
318 3771 426 3828 Amen.

153 3869 286 3928 Oremus.
310 3864 520 3947 Benedis1<ent
529 3874 559 3924 et
567 3867 715 3926 custodiet
724 3886 776 3926 vos
785 3866 868 3926 Deus
879 3866 978 3940 Peter,
988 3866 1192 3945 ostendatque
1199 3867 1295 3928 facicm

93 3986 178 4026 uisum
205 3964 299 4036 vobis,
321 3970 352 4021 et
375 3963 550 4022 misereatui·
577 3963 685 4020 vestri:
716 3969 869 4022 eonvmtnt
894 3962 1042 4021 Dominus
1065 3963 1194 4023 vultum
1216 3980 1294 4024 suum

92 4081 180 4139 super
200 4080 260 4134 vos,
272 4067 313 4118 et
333 4059 384 4117 det
404 4059 490 4117 vobis
510 4078 610 4135 paoem
621 4079 629 4132 3
653 4059 835 4136 impleatque
861 4079 914 4118 voe
940 4059 963 4118 J
965 4077 1030 4118 esus
1057 4056 1203 4119 Christus
1222 4055 1295 4119 omni

92 4154 346 4234 beneffldictione
359 4155 487 4232 spiritali
500 4156 744 4214 inremissionem
757 4156 890 4214 omnium
904 4161 1102 4233 peecatorum,
1114 4161 1153 4214 ut
1167 4154 1295 4217 habam

92 4252 188 4309 vitem
201 4256 342 4309 setemnm
358 4248 401 4331 [ct
414 4248 668 4332 vivetis-MSS]
683 4252 716 4309 in
729 4251 835 4309 eseeulu
848 4251 1031 4310 seculorum.
1075 4250 1191 4313 Amen.

133 4347 267 4406 Oremus
291 4347 447 4406 Benedicti
456 4347 687 4420 sitisnDomino,
695 4350 746 4426 qui
757 4351 869 4407 creavit
876 4349 1023 4407 mundum
1031 4366 1071 4406 cx
1080 4348 1197 4425 nihilo;
1210 4348 1294 4431 quiin

92 4444 238 4504 Trinitote
247 4445 456 4523 peueceauvit
465 4450 496 4503 et
503 4446 695 4523 regnutDoue
702 4465 756 4525 per
764 4446 863 4506 omniu
873 4446 978 4505 sseeulu
987 4445 1173 4508 saeeulorum.
1190 4449 1293 4509 Amen
