2768 4852
468 263 670 338 [aurata
691 265 861 353 maana.

490 547 671 607 munuum
692 550 862 609 Dasuucm.

122 625 304 704 Aedtpltmoo.

816 1024 843 1080 E
860 1058 870 1067 -
884 1025 912 1080 V
930 1059 940 1067 -
958 1026 984 1083 Ο
1002 1061 1013 1070 -
1028 1027 1058 1083 V
1072 1062 1083 1072 ·
1096 1030 1127 1086 A
1141 1064 1153 1073 -
1171 1032 1205 1089 E

124 1123 265 1183 Paulinae
277 1121 400 1200 (cxvii.)

126 1220 319 1279 Confitemini
336 1218 476 1289 Domino,
498 1219 637 1294 quoniam
655 1218 767 1275 bonus:
793 1217 934 1293 quoniam
952 1219 986 1275 in
1002 1222 1141 1280 eaeoulum
1158 1225 1268 1285 miseri-

60 1316 166 1377 oordia
178 1317 251 1393 ejus.

126 1416 219 1475 Dioat
241 1436 322 1476 nune
345 1417 448 1490 Israel,
472 1418 612 1495 quoniam
635 1419 747 1476 bonus:
780 1419 920 1494 quoniam
944 1419 977 1475 in
998 1420 1137 1478 saeculum
1159 1423 1269 1481 miseri-

60 1512 167 1573 eordie
179 1514 252 1590 ejus.

126 1608 219 1667 Dioat
231 1628 312 1667 nune
324 1610 430 1667 domus
443 1610 562 1667 Aaron:
586 1610 726 1686 quoniam
740 1610 774 1666 in
787 1611 927 1668 saeculum
942 1611 1140 1671 miserioordia
1153 1615 1224 1691 ejus.

125 1704 241 1764 Dieant
263 1724 344 1764 nune
364 1706 418 1782 qui
440 1706 550 1765 timent
573 1708 736 1765 Dominum
748 1728 754 1765 :
783 1709 923 1782 quoniam
943 1708 976 1764 in
996 1710 1134 1767 saeculum
1158 1712 1270 1770 miseri-

58 1802 168 1863 cordia
180 1803 256 1885 ejus*

126 1899 177 1959 De
198 1898 391 1958 tzibulatione
412 1900 550 1959 invocavi
572 1901 752 1959 Dominum:
778 1908 809 1959 et
829 1902 984 1960 exaudivit
1002 1922 1049 1960 me
1062 1902 1095 1959 in
1108 1903 1267 1963 latitudine

59 1996 225 2059 Dominus.

125 2092 278 2153 Dominus
290 2092 366 2150 mihi
379 2092 514 2169 adjutor:
535 2112 595 2150 non
611 2093 720 2151 timebo
734 2093 806 2169 quid
819 2093 910 2150 faciat
922 2093 997 2149 mihi
1010 2093 1106 2152 homo.

125 2189 278 2250 Dominus
290 2188 365 2247 mihi
378 2189 513 2266 adjutor:
534 2196 566 2247 et
578 2210 631 2261 ego
645 2190 805 2266 despiciam
816 2190 952 2247 inimicos
965 2208 1053 2248 meos.

126 2286 250 2346 Bonum
262 2291 308 2343 est
320 2284 466 2344 oonfidene
479 2285 512 2341 in
526 2285 665 2358 Domine,
680 2304 768 2360 quam
784 2285 928 2342 confidere
942 2284 974 2341 in
988 2285 1115 2344 homine.

128 2382 251 2441 Bonum
264 2387 310 2440 est
322 2400 439 2458 sperare
452 2381 485 2437 in
499 2380 639 2451 Domino,
654 2400 743 2455 quam
758 2399 874 2456 sperare
888 2381 919 2436 in
935 2381 1125 2456 principibus.

129 2478 243 2539 Omnes
255 2483 357 2556 gentes
370 2478 551 2536 circuierunt
564 2497 628 2534 me:
650 2485 681 2533 et
694 2478 726 2533 in
740 2476 859 2534 nomine
880 2476 1011 2549 Domini,
1028 2478 1097 2554 quia
1111 2478 1193 2538 ultus
1205 2499 1271 2538 sum

60 2580 99 2639 in
112 2595 174 2637 eos.

128 2671 356 2732 circumdantes
375 2670 633 2729 circumdederunt
647 2690 712 2728 me:
734 2676 764 2727 et
777 2670 811 2726 in
824 2669 944 2728 nomine
958 2669 1091 2744 Domini,
1106 2671 1177 2747 quia
1190 2673 1273 2732 ultus

61 2788 136 2831 sum
148 2768 183 2825 iu
196 2786 253 2826 eos.

129 2862 396 2923 Circumdederunt
410 2883 458 2921 me
471 2863 547 2921 siout
560 2883 636 2938 apes,
649 2870 680 2919 et
694 2868 868 2919 exarserimt
882 2861 959 2919 siout
973 2861 1050 2938 ignis
1064 2862 1097 2918 in
1110 2863 1221 2940 spinis:
1242 2871 1273 2922 et

63 2960 237 3025 innomine
250 2961 382 3033 Domini,
397 2961 469 3038 quia
481 2960 562 3017 ultus
576 2980 641 3016 sum
655 2961 688 3016 in
702 2979 761 3018 eos.
1218 2968 1224 2980 “

130 3057 285 3135 Impuleus
297 3076 415 3117 evemus
428 3077 495 3116 sum
509 3063 544 3114 ut
557 3057 689 3113 cadmum
702 3078 707 3113 :
729 3061 760 3112 et
774 3055 922 3112 Dominus
935 3055 1063 3130 suscepit
1076 3075 1130 3114 me.

130 3154 292 3215 Fortitudo
305 3173 378 3226 mea,
390 3158 422 3212 et
434 3153 499 3211 laus
513 3172 578 3210 mea
593 3152 756 3208 Dominus:
778 3157 809 3208 et
822 3150 918 3208 fuctus
931 3157 976 3208 est
990 3151 1065 3208 mihi
1079 3152 1110 3208 in
1124 3151 1258 3211 salutem.

58 3244 64 3255 ⁸
130 3252 205 3311 Vox
217 3250 411 3333 exultationis
424 3255 456 3308 et
468 3248 572 3307 salutis
587 3250 616 3304 in
633 3246 831 3304 tabernaculis
841 3247 1001 3321 justorum.

131 3348 268 3407 Dextera
280 3345 405 3406 Domini
417 3346 489 3403 iecit
501 3345 653 3415 virtutem,
668 3344 792 3400 dextera
813 3342 936 3400 Domini
956 3343 1103 3403 exaltavit
1118 3362 1184 3403 me:
1205 3344 1275 3403 dex·

67 3452 136 3506 aera
148 3442 275 3502 Domini
287 3442 359 3501 feeit
370 3442 523 3500 virtutem.

131 3538 207 3599 Non
219 3538 339 3612 moriar,
353 3538 405 3597 sed
418 3537 535 3595 vivam:
557 3543 588 3593 et
601 3536 727 3593 narrabo
741 3553 830 3610 opera
843 3533 976 3594 Domini.

132 3636 291 3714 Contiguus
303 3634 461 3711 castigavit
474 3652 521 3691 me
535 3633 700 3690 Dominus:
722 3639 753 3689 et
766 3633 855 3690 mo1ti
869 3651 930 3688 non
943 3632 1068 3690 tradidit
1081 3652 1136 3692 me.

132 3730 262 3810 Aperite
274 3730 350 3789 mihi
368 3735 469 3809 portas
484 3728 628 3804 justitia:
657 3729 803 3804 ingressus
824 3728 857 3785 in
879 3747 928 3786 eas
946 3728 1107 3785 confitebor
1127 3728 1275 3787 Domino:

64 3834 136 3893 hae
147 3836 238 3909 porta
250 3828 384 3900 Domini,
394 3825 472 3903 justi
483 3825 640 3883 intrabunt
654 3827 685 3881 in
699 3844 772 3882 eam.

133 3926 308 3987 Confitebor
319 3924 386 3997 tibi,
400 3923 540 3999 quoniam
553 3921 699 3979 exaudisti
713 3940 778 3978 me:
800 3924 831 3977 et
843 3920 939 3977 sactus
953 3938 984 3976 es
997 3918 1071 3975 mihi
1085 3917 1117 3975 in
1130 3917 1264 3980 salutem.

132 4022 290 4101 lapidem,
312 4040 402 4101 quem
422 4020 654 4098 reprobaverunt
674 4017 860 4088 aedificmtes,
881 4015 930 4073 hio
951 4015 1047 4072 factus
1067 4020 1113 4071 est
1133 4015 1168 4073 in
1188 4023 1278 4092 oeput

58 4119 189 4207 „gun

133 4222 169 4282 Δ
184 4218 317 4279 Domino
328 4216 442 4276 factum
455 4220 500 4275 est
513 4214 605 4287 istud,
620 4218 650 4270 et
663 4217 709 4270 est
723 4210 858 4268 mirabile
871 4210 905 4266 in
918 4206 1009 4266 oeulis
1022 4206 1137 4266 nostn's

131 4310 216 4381 Hm
228 4321 275 4377 eut
288 4314 361 4389 dies,
373 4332 464 4392 quem
476 4312 547 4373 feeit
561 4311 725 4369 Dominus:
746 4307 924 4381 exultemus,
939 4310 970 4363 et
982 4302 1118 4363 laetemur
1130 4302 1164 4364 in
1177 4322 1219 4364 ea.
