2768 4852
430 358 606 447 Enaeqaioe
626 360 880 448 Besantionem.

116 519 298 598 Autipdom

156 719 345 751 -n
370 720 488 753 u
513 721 630 754 ..-
656 723 773 757 .“-

115 790 312 865 lix-audi,
337 793 527 867 Do-mi·ne,
563 799 888 855 o·ra-ti-0-nem
916 819 1074 859 tue-am:
1189 803 1227 858 ad

54 984 704 1117 Ἦ

101 1150 135 1202 te
169 1145 292 1202 oni-nia
331 1165 445 1204 eta-ro
482 1149 643 1206 ve-ni-et.

119 1302 302 1379 Antiphone.

111 1592 167 1651 Me
194 1612 303 1651 aus-oe
326 1628 337 1637 ·
361 1626 372 1638 ·
394 1594 448 1670 pit.
701 1550 1262 1696 Q

786 1722 1097 1781 E-V-O-V-A
1119 1761 1129 1769 -
1152 1725 1188 1781 Ε.

118 1800 261 1861 Paalmua
273 1802 377 1880 (lxeii.)

120 1899 205 1957 Deua
218 1899 300 1958 Deua
312 1919 404 1971 mena,
418 1899 457 1957 ad
469 1906 500 1957 te
514 1899 551 1957 de
564 1898 629 1957 lnce
642 1899 742 1976 vigilo.

119 1995 228 2053 Sitivit
240 1996 274 2053 in
287 2001 318 2054 te
332 1997 432 2054 anima
445 2015 518 2066 mee,
533 2015 621 2073 quam
635 1995 842 2072 multipliciter
856 1997 912 2054 tibi
926 2016 993 2054 caro
1007 2016 1078 2054 mea

119 2091 161 2151 In
174 2098 256 2151 tenn
268 2092 391 2166 deserta,
406 2100 437 2150 et
449 2093 542 2165 invia,
557 2100 587 2151 et
601 2093 751 2169 inaquosa,
766 2093 808 2150 sie
828 2092 859 2150 in
880 2100 981 2152 sancto
1002 2093 1126 2170 apparui
1146 2093 1211 2165 tibi,
1227 2098 1261 2149 ut

55 2188 192 2248 viderem
206 2189 348 2248 virtutem
363 2196 456 2263 tuam,
472 2194 504 2247 et
516 2188 641 2266 gloriam
654 2196 746 2247 tuam.

121 2286 272 2357 Quoniam
285 2287 389 2346 melior
408 2294 453 2347 eat
473 2287 673 2345 miserieotdia
693 2293 746 2345 tna
765 2306 854 2364 anper
874 2289 969 2346 vitea:
991 2288 1071 2345 labia
1085 2307 1149 2345 mea
1163 2287 1262 2345 lauda·

57 2384 140 2443 bunt
151 2388 191 2442 te.

121 2480 172 2540 Sic
184 2480 354 2540 benedicam
368 2487 399 2539 te
412 2481 445 2538 in
458 2482 522 2538 vita
536 2499 618 2538 mea:
638 2487 669 2538 et
681 2481 714 2538 in
728 2481 847 2538 nomine
862 2487 913 2537 tuo
928 2479 1030 2535 levabo
1045 2497 1149 2535 manus
1164 2497 1249 2535 meas.

120 2576 208 2637 Sient
228 2578 315 2654 adipe
336 2583 368 2635 et
388 2576 569 2653 pinguedine
591 2576 740 2652 repleatur
761 2577 862 2634 anima
882 2594 965 2631 mea:
993 2582 1023 2631 et
1043 2572 1129 2630 labiis
1150 2573 1263 2630 exulta-

58 2673 154 2733 tionia
165 2673 301 2732 laudabit
314 2693 346 2731 oa
359 2691 466 2730 meum.

121 2768 157 2827 si
169 2786 283 2826 memor
295 2768 341 2826 fui
353 2769 400 2825 tui
413 2773 643 2844 superstratum
657 2786 765 2839 meum,
781 2768 813 2825 in
827 2766 984 2825 matutinis
999 2765 1163 2823 meditabor
1177 2765 1208 2821 in
1222 2772 1261 2833 te,

59 2864 134 2945 quia
145 2864 231 2923 fniati
243 2866 364 2942 adjutor
377 2884 468 2924 meua.

123 2962 166 3019 Et
177 2960 211 3019 in
224 2961 391 3019 velamento
412 2960 526 3018 alarum
549 2967 668 3018 tuarum
691 2960 839 3031 exultabo,
855 2961 979 3018 adhesit
999 2959 1098 3018 anima
1117 2979 1182 3017 mea
1195 2965 1262 3035 poet

60 3066 112 3133 ως
131 3076 181 3116 me
193 3058 321 3134 anaeepit
331 3057 453 3115 dextera
467 3064 526 3114 tua

122 3150 189 3229 Ipai
210 3168 280 3207 vero
301 3150 334 3207 in
355 3168 467 3207 vanum
488 3149 670 3227 quoesierunt
694 3151 824 3208 animam
846 3170 949 3222 meam,
973 3151 1143 3209 introibunt
1165 3150 1196 3206 in
1218 3149 1261 3205 in-

59 3248 170 3308 feriora
183 3253 279 3319 terroe,
294 3247 453 3305 tradentur
465 3247 498 3304 in
512 3266 617 3305 manus
630 3247 730 3324 gladii,
747 3254 845 3324 partes
860 3246 994 3324 vulpium
1009 3255 1104 3306 erunt.

122 3342 193 3401 Rex
209 3360 279 3401 vero
299 3341 451 3400 letabitur
469 3342 503 3400 in
525 3342 601 3413 Deo,
616 3341 819 3400 laudabuntur
837 3362 938 3400 omnes
959 3345 1011 3419 qui
1030 3345 1135 3420 jurant
1157 3343 1189 3399 in
1211 3362 1264 3413 eo;

61 3440 135 3517 quia
146 3438 334 3497 obstructum
346 3444 393 3496 eat
405 3458 438 3496 oa
451 3438 637 3515 loquentium
651 3439 761 3514 iniqua.

123 3535 281 3614 (Petimus
293 3534 381 3610 Levi)

124 3632 209 3691 Deua
228 3631 404 3690 misereatur
422 3631 525 3704 nostri,
540 3638 571 3690 et
584 3632 739 3691 benedicat
758 3633 860 3691 nobis:
882 3633 1032 3692 illuminet
1045 3632 1163 3691 vultum
1177 3650 1262 3688 suum

61 3748 153 3809 anper
164 3746 229 3801 noa,
242 3732 275 3785 et
287 3727 464 3785 misereatur
476 3727 578 3787 nostri

122 3824 171 3885 Ut
183 3842 391 3901 cognomina
404 3822 437 3881 in
450 3828 530 3882 terra
543 3824 623 3883 viam
643 3830 745 3884 tuam:
768 3826 799 3882 in
820 3823 957 3883 omnibus
976 3822 1115 3897 gentibus
1135 3819 1263 3876 salutem

62 3930 160 3982 tunm.

123 4018 332 4079 Confiteantnr
344 4018 403 4077 tibi
416 4018 527 4096 populi,
543 4019 644 4092 Dena3
663 4020 861 4077 confiteantur
874 4016 930 4076 tibi
944 4012 1047 4093 populi
1060 4030 1169 4071 omnes.

124 4114 291 4188 laetentur,
306 4120 338 4174 et
353 4115 491 4173 exultant
510 4122 622 4191 gentes,
637 4116 777 4191 quoniam
793 4113 911 4190 judicas
931 4109 1055 4187 populos
1068 4110 1100 4166 in
1115 4108 1265 4184 aequitate,

62 4220 95 4273 et
106 4219 213 4292 gentes
224 4211 258 4270 in
271 4218 353 4269 term
365 4211 477 4290 diligis.

124 4306 335 4367 confiteantur
346 4306 405 4365 tibi
417 4307 528 4384 populi,
543 4307 636 4379 Deus,
651 4305 849 4365 confiteantur
863 4303 919 4361 tibi
932 4302 1035 4380 populi
1048 4322 1167 4363 omnes:
1186 4307 1266 4363 tenn

7 4438 22 4505 ..ἴ
63 4404 149 4465 dedit
161 4404 295 4464 fructum
307 4422 403 4463 annm.
