2768 4852
355 390 360 399 ‚
463 309 580 378 Unotio
602 311 772 376 Eetleooo.
1178 313 1219 377 53

10 520 29 559 e
43 500 98 573 sit,
113 504 151 556 nt
164 504 197 557 te
213 495 383 573 justificet3
405 513 495 572 super
514 501 545 553 te
566 494 615 566 sit,
631 499 708 552 utto
721 492 884 551 benedicet.
928 493 989 563 Qui
1002 512 1069 551 eum
1085 493 1176 552 Patre
1189 499 1221 552 et

10 596 125 674 lpiritu
138 595 250 655 Sancto
259 594 338 653 vivit
347 599 379 653 et
388 598 494 670 regnat
505 592 588 650 Deus
601 611 654 669 per
663 592 764 649 omnia
774 592 881 649 saeeuls
891 591 1072 652 saeoulorum.
1109 592 1217 652 Amen.

65 692 234 752 Benediest
244 699 276 750 te
285 691 384 750 Deus:
407 696 493 749 sanet
502 695 533 747 te
544 689 603 748 Dei
614 688 722 748 Filius:
741 688 1069 766 illuminetteSpiritus
1078 689 1204 748 Sanetus
1208 709 1218 764 3

10 810 113 870 eorpus
125 797 216 849 tuum
230 789 396 863 custodiat3
414 789 545 847 animam
555 794 639 845 tuam
650 788 745 845 salvet
754 807 763 859 3
781 792 927 846 cortuum
938 787 1061 845 irradiet
1071 808 1080 861 3
1098 808 1218 847 sensum

10 898 93 948 tuum
110 889 233 967 dirigat,
254 893 286 947 et
303 888 343 946 ad
360 906 519 965 supernam
536 885 631 943 vitam
650 891 682 943 te
699 884 849 961 perducat,
866 884 926 954 Qui
943 885 976 941 in
990 884 1137 944 Trinitate
1153 906 1217 964 per-

10 986 84 1046 lecta
93 987 174 1045 vivit
187 991 220 1044 et
234 990 339 1063 πφδ
353 985 444 1044 Deus
488 983 549 1043 Per
561 983 662 1042 omnia
674 982 781 1041 saeeuls
794 981 975 1041 serculorum.
1018 982 1126 1041 Amen.

68 1082 182 1142 Oratio.
225 1081 360 1139 Oremus

67 1178 232 1237 Beneliest
255 1184 287 1235 te
310 1176 393 1235 Deus
416 1176 481 1235 eaeli
491 1195 501 1249 3
525 1175 648 1252 adjuret
668 1180 700 1232 te
722 1173 866 1245 Christus,
891 1173 987 1232 Filius
1014 1173 1092 1232 Dei:
1112 1193 1217 1252 corpus

10 1282 94 1334 tuum
107 1275 141 1333 in
155 1294 209 1334 suo
222 1280 325 1332 saneto
339 1273 462 1332 servitio
475 1272 618 1331 custodiri
631 1276 663 1329 et
675 1271 843 1330 eonservari
861 1270 950 1329 faeiat
961 1291 970 1345 3
991 1278 1120 1330 mentem
1132 1280 1216 1332 tuam

10 1372 158 1431 illuminet
165 1391 176 1445 3
196 1391 313 1431 sensum
334 1377 423 1430 tuum
443 1370 592 1430 custodiat
602 1390 612 1443 3
630 1369 758 1445 gratiam
778 1388 862 1427 suam
876 1369 913 1427 ad
933 1370 1096 1446 perlectum
1110 1372 1216 1432 animos

10 1474 68 1527 tun
87 1470 122 1527 in
135 1476 167 1527 te
187 1474 296 1545 augeat
306 1488 316 1542 3
335 1468 374 1527 ab
394 1468 477 1526 omni
496 1467 574 1525 mulo
587 1472 619 1525 te
638 1466 767 1538 liberet3
789 1465 912 1524 dextera
932 1485 986 1524 sua
1006 1473 1036 1524 te
1056 1467 1194 1527 defendat
1205 1488 1216 1544 3

10 1566 61 1645 qni
73 1574 193 1626 sanctos
207 1586 276 1625 suos
288 1585 405 1643 semper
418 1566 551 1642 adjuvat,
566 1564 576 1622 i
578 1584 630 1642 pse
643 1569 673 1622 te
683 1563 825 1640 adjuvare
837 1569 869 1622 et
881 1583 1054 1623 conservare
1066 1567 1214 1644 dignetur.

10 1664 68 1735 Qui
90 1683 161 1723 eum
186 1663 278 1722 Patre
297 1669 330 1722 et
350 1662 466 1740 Spiritu
490 1662 600 1721 Sancto
624 1661 703 1720 vivit
722 1666 754 1719 et
772 1667 879 1738 regnat
899 1662 989 1721 Deus.
1037 1662 1096 1722 Per
1116 1665 1216 1726 omnia

10 1762 112 1823 secula
125 1762 300 1822 seoulomm.
341 1762 452 1820 Amen.

65 1858 204 1918 Oremus.
247 1858 361 1918 Oratio.

65 1954 232 2014 Benedieat
244 1961 275 2012 te
289 1954 372 2013 Deus
385 1953 483 2027 Pater,
498 1953 551 2031 qui
564 1953 597 2010 in
611 1950 757 2030 principio
771 1958 878 2010 cuncte
891 1953 1011 2013 creavit.
1054 1954 1216 2017 Benedicat

10 2056 37 2113 le
58 2052 119 2111 Dei
143 2050 249 2125 Filius,
275 2052 328 2128 qui
351 2051 388 2110 de
412 2051 547 2128 supernis
570 2049 688 2108 sedibus
711 2068 765 2126 pro
789 2049 875 2107 nobis
898 2050 1028 2110 salrator
1054 2053 1213 2114 deseendit.

10 2146 169 2207 Bonediest
182 2154 213 2206 te
226 2147 358 2225 Spiritus
371 2148 507 2220 Sanetus,
522 2147 575 2223 qui
589 2147 622 2204 in
632 2145 858 2205 similitudinem
872 2146 1015 2206 columbae
1028 2149 1062 2206 in
1074 2150 1097 2208 J
1098 2151 1217 2210 ordanis

10 2242 128 2303 humine
141 2244 291 2321 requievit
304 2245 338 2301 in
351 2244 478 2303 Ohristo.
522 2242 650 2320 Ipseque
668 2248 701 2299 te
720 2240 754 2298 in
774 2241 921 2301 Trinitste
941 2245 1114 2317 sanctificet,
1128 2266 1215 2324 quem

10 2346 108 2401 tmnes
129 2347 236 2418 gentes
256 2348 418 2399 venturum
442 2344 610 2417 expectant,
636 2337 696 2408 Qui
718 2358 786 2395 eum
806 2338 897 2396 Patre
918 2347 948 2397 et
969 2340 1085 2417 Spiritu
1106 2341 1216 2404 Sancto

10 2436 247 2514 rivitetregnat
260 2435 350 2495 Deus.
393 2435 565 2494 Peromnia
578 2435 684 2494 saecula
697 2436 878 2493 soeculorum.
922 2437 1030 2497 Amen.

64 2532 200 2593 Oremua
245 2533 355 2593 Oratio.

10 2620 12 2625 ¹
63 2628 230 2689 Banedieat
245 2636 279 2688 te
298 2629 382 2688 Deus
395 2628 505 2688 Pater:
525 2627 673 2686 custodiat
685 2633 716 2686 te
737 2626 759 2684 J
760 2646 826 2685 esus
844 2626 981 2685 Christus
994 2648 1001 2686 :
1021 2628 1173 2688 illuminet
1185 2636 1216 2690 te

10 2722 278 2803 SpiritnsSanotus
291 2724 430 2783 omnibns
443 2723 631 2782 diebusvitae
645 2730 713 2780 tuae.
758 2722 922 2780 Confirmet
936 2728 967 2780 te
976 2723 1074 2782 virtus
1089 2724 1202 2785 Christi
1206 2745 1216 2800 ;

10 2820 160 2900 indulgeat
171 2821 231 2879 tibi
244 2822 393 2880 Dominus
405 2821 545 2880 universa
558 2819 666 2878 delleta
679 2825 733 2877 tua
743 2839 753 2893 3
775 2820 835 2889 Qui
855 2839 923 2877 cum
938 2818 1028 2879 Patre
1049 2828 1079 2880 et
1100 2822 1216 2900 Spiritu

10 2916 114 2983 hnuto
127 2910 251 2979 visitet
264 2925 369 2998 regnat
382 2920 472 2978 Deus
516 2919 575 2977 Per
587 2918 688 2975 omnia
701 2918 807 2976 saeeula
826 2918 1007 2978 saecrrlorum.
1050 2921 1157 2981 Amen

62 3016 230 3077 Benedicat
243 3022 273 3076 te
287 3016 370 3075 Deus
384 3015 483 3089 Pater,
498 3016 551 3093 qui
565 3022 596 3073 te
609 3014 729 3073 creavit.
771 3017 879 3074 Amen

59 3112 285 3190 Respondentur
298 3122 325 3172 et
337 3114 380 3172 eie
387 3132 443 3189 per
454 3111 589 3188 duputes
602 3110 808 3170 beroediotiones
820 3122 984 3188 sequester:

10 3208 166 3271 Benedicat
179 3217 210 3268 te
223 3210 283 3269 Dei
297 3210 400 3284 Filius,
415 3211 469 3288 qui
481 3229 536 3287 pro
549 3215 580 3267 te
593 3228 695 3285 pessus
705 3214 758 3267 est.
799 3209 908 3269 Amen.

10 3304 167 3367 Benedicat
179 3312 212 3365 te
224 3305 355 3384 Spiritus
368 3308 503 3380 Sanetus,
519 3306 572 3384 qui
585 3306 618 3363 in
631 3312 662 3363 te
676 3306 786 3364 effusus
799 3313 852 3366 est.
893 3310 1002 3369 Amen.

10 3402 167 3465 Bmedimt
179 3410 211 3463 te
223 3404 321 3483 Virgo
334 3411 366 3464 et
379 3404 481 3464 Mater
490 3404 568 3483 regis
581 3404 693 3467 oeterni.
734 3404 842 3464 Amen.

10 3490 189 3565 luerim
200 3508 232 3562 te
244 3502 358 3581 Angeli
370 3509 402 3562 et
415 3503 606 3581 Archangeli,
622 3504 813 3583 Principatus
826 3510 857 3562 et
871 3503 1045 3565 Potestates.
1089 3506 1196 3565 Amen

10 3592 188 3659 Snedieuut
200 3603 232 3657 te
248 3617 356 3657 norem
370 3598 498 3658 Ordines
508 3599 696 3675 Angelorum
709 3600 794 3678 regni
807 3600 940 3659 coelestis.
981 3602 1090 3660 Amen.

10 3688 189 3757 llmedimm
211 3701 243 3754 te
262 3694 374 3774 viginti
397 3701 527 3772 quatuor
547 3694 692 3771 Senimen,
714 3697 765 3774 qni
791 3702 862 3755 ante
881 3697 1023 3756 thronum
1045 3698 1104 3756 Dei
1131 3703 1211 3758 sunt

10 3826 17 3837 ·
81 3792 194 3853 Amen.
1203 3813 1206 3818 ·

10 3878 188 3950 hedioent
200 3896 233 3950 te
245 3890 386 3951 Virtutes
398 3895 430 3950 et
443 3890 678 3951 Dominationes.
722 3890 828 3952 Amen.

10 3978 189 4045 &edicunt
200 3992 233 4045 te
245 3986 369 4059 Throni,
383 3986 536 4046 Cherubin
549 3995 581 4047 et
595 3985 748 4066 Seraphin.
788 3989 896 4047 Amen.
1212 4031 1215 4038 .

10 4074 188 4145 hodiem
200 4090 232 4144 te
245 4084 428 4144 Patriamhre
442 4092 473 4144 et
487 4086 644 4163 Propheta
658 4093 689 4145 et
702 4086 842 4163 Apostoli
856 4084 988 4143 Domini.
1030 4083 1138 4143 Amen.

10 4169 188 4241 Suedieant
200 4186 232 4240 te
245 4180 397 4259 Martyres
410 4188 442 4241 et
462 4182 654 4242 Oonfessores.
697 4183 805 4241 Amen.

10 4270 188 4337 Benedioant
198 4283 233 4337 te
245 4277 388 4338 Monaehi
401 4285 433 4338 et
446 4279 588 4357 Virgines
601 4279 667 4338 Dei.
710 4278 818 4337 Amen.

10 4370 188 4437 Benedicent
200 4382 232 4435 te
245 4375 350 4437 eoelum
363 4382 395 4436 et
408 4383 497 4451 terra,
513 4396 594 4437 mure
607 4382 639 4435 ot
652 4377 752 4435 omnis
764 4395 831 4453 quse
844 4375 877 4434 in
891 4375 933 4434 eis
946 4381 1024 4435 sunt
1067 4375 1176 4437 Amen.
