2760 4860
138 324 160 386 2
275 420 283 433 ι
348 322 437 392 crdo
459 323 506 388 ad
526 321 737 389 Fecundam
757 325 898 409 Aquam
918 324 1142 390 Benedictam.

138 504 201 564 ruis
214 507 390 584 apostaticis
395 493 641 591 gpdrsvirtutem
658 506 791 582 ejusdem
809 507 934 564 Domini
951 509 1056 581 nostri,
1071 509 1148 568 lesu
1161 509 1285 582 Christi,
1299 510 1344 588 qui

139 609 285 662 venturus
298 601 488 686 sstjudioare
500 603 585 661 vivos
598 609 630 661 et
643 610 775 661 mortuos
788 609 821 661 et
833 604 974 661 saeculum
987 606 1164 681 perignem
1209 608 1316 665 Amen.
1368 681 1370 685 ἲ

202 689 350 781 Oremmj·

199 787 362 879 Deusssqii
382 795 421 852 ad
440 794 567 852 salutem
586 793 712 852 humani
731 795 846 872 generis
866 797 999 853 maxima
1019 815 1145 874 quaeque
1164 805 1342 857 sacramenta

137 892 172 950 in
188 891 336 973 aqriarum
356 893 524 951 substantia
544 892 712 965 condidisti,
733 892 836 950 adesto
856 895 1005 970 propitius
1025 896 1268 956 invocationibus
1287 916 1343 955 nos

135 979 267 1069 toriaJ'aet'
279 990 425 1048 elemento
442 988 522 1059 huic,
541 988 692 1065 Respiciet
708 988 850 1047 Sacerdos
870 1011 989 1066 aquam,
1011 991 1199 1051 multimodis
1215 993 1342 1071 purifica

108 1067 267 1161 :stidrribus
288 1093 452 1163 praeparato
473 1087 618 1143 uirtutem
639 1092 698 1143 tuse
719 1084 984 1166 beneffldictionis
1003 1088 1194 1160 infundant
1213 1098 1340 1149 creatum

62 1170 189 1261 Cujus
215 1184 354 1260 mysteria
380 1183 443 1240 tuis
469 1182 527 1239 tibi
553 1183 685 1240 serviens
712 1182 750 1239 ad
777 1182 958 1259 abjiciendos
989 1185 1138 1243 daemones
1169 1189 1338 1264 morbosque

135 1280 287 1357 pellendos
304 1280 415 1337 divim,
433 1280 537 1357 gmtiae
555 1285 654 1336 sumat
671 1280 818 1350 effectum,
833 1287 870 1337 ut
886 1282 1028 1358 quicquid
1045 1282 1077 1338 in
1096 1282 1235 1341 domibus
1253 1284 1338 1343 velin

44 1369 57 1418 ἶ
71 1368 77 1376 ’
134 1376 206 1435 locis
219 1378 354 1436 fidelium
367 1377 429 1434 haeo
447 1377 529 1434 unda
542 1378 723 1453 resperserit,
738 1383 837 1434 careat
850 1381 932 1435 omni
950 1378 1149 1451 immunditia,
1168 1379 1339 1439 liberatura

20 1466 25 1476 '
134 1492 231 1532 noxa:
251 1493 314 1532 non
327 1473 388 1531 illic
402 1473 528 1530 resideat
540 1473 664 1548 spiritus
684 1472 834 1548 pestilens,
849 1493 910 1531 non
924 1495 997 1531 aum
1010 1494 1203 1553 corrumpens
1212 1498 1222 1550 3
1237 1478 1338 1536 disced-

134 1576 189 1626 ant
202 1589 303 1627 omnes
323 1569 438 1626 insidiae
458 1568 582 1626 latentis
602 1568 724 1640 inimici,
740 1574 771 1624 et
791 1568 818 1625 si
839 1568 911 1644 quid
925 1575 970 1625 est
984 1571 1063 1645 quod
1076 1578 1130 1628 aut
1143 1572 1337 1631 incolumitati

134 1665 336 1724 habitantium
357 1665 472 1722 inridet
492 1671 546 1722 aut
563 1664 666 1740 quieti,
681 1664 848 1740 suspensione
865 1664 956 1740 hujus
972 1685 1056 1741 aquae
1073 1666 1207 1743 effugiat,
1220 1674 1258 1727 ut
1271 1668 1337 1727 salu·

135 1761 229 1818 britas
251 1781 305 1838 per
326 1761 545 1818 invocationem
571 1760 619 1815 tui
645 1760 776 1817 nominis
803 1762 937 1836 expetita
963 1760 1001 1818 ab
1028 1761 1168 1819 omnibus
1189 1763 1336 1843 impugna·

133 1858 266 1916 tionibus
279 1859 319 1916 sit
333 1857 460 1915 defensa
504 1857 563 1914 Per
577 1856 730 1913 Christum
745 1857 910 1914 Dominum
923 1864 1067 1914 nostrum.
1110 1859 1221 1918 Amen.
1368 1930 1370 1949 Ι

195 1962 310 2021 Deinde
315 1965 376 2036 fiat
390 1961 554 2019 comorictio
567 1959 639 2018 salis
652 1969 678 2018 et
691 1981 777 2036 aqua
794 1981 849 2036 per
861 1981 985 2017 manum
998 1961 1163 2021 Sacerdotis
1177 1965 1211 2020 in
1225 1966 1335 2024 necdum
1368 1956 1370 1981 ³

135 2061 238 2132 crucis,
254 2060 375 2118 diceridc
389 2058 533 2116 submissa
547 2078 610 2116 voce
621 2081 631 2114 .·

195 2156 379 2215 commixtio
398 2156 468 2214 salis
487 2163 519 2212 ot
538 2175 622 2231 aquae
639 2156 750 2232 pariter
769 2157 829 2212 fiat.
873 2156 912 2213 In
930 2155 1050 2214 nomine
1064 2156 1167 2216 Patris
1179 2165 1211 2216 et
1225 2159 1297 2217 Filii
1308 2165 1333 2216 et

134 2255 265 2334 Spiritus
279 2254 388 2313 Sancti
430 2252 538 2312 Amen

194 2350 343 2410 Dominus
356 2348 518 2409 vobiscum.
560 2348 683 2406 Etcum
696 2349 805 2425 spiritu
818 2356 880 2406 tu0.

193 2450 327 2509 oremus

92 2581 95 2586 ·
192 2547 283 2619 Deus,
298 2547 418 2605 invictae
432 2545 555 2603 virtutis
568 2550 681 2617 auctor,
696 2549 727 2601 ct
747 2544 955 2620 insuperabilis
968 2544 1087 2621 imperii
1100 2564 1164 2619 rex,
1179 2565 1214 2604 ac
1227 2563 1332 2624 semper

130 2647 304 2724 magnificus
325 2643 534 2720 triumphator,
549 2643 602 2719 qui
625 2642 756 2699 adversae
780 2642 992 2700 domimtionis
1013 2644 1091 2700 sires
1115 2643 1265 2720 septimis,
1287 2643 1332 2721 qui

128 2742 244 2801 inimici
258 2740 404 2817 nrgientis
423 2739 569 2796 saetitiam
588 2757 716 2814 superas,
731 2738 785 2813 qui
802 2738 924 2795 hostiles
941 2739 1089 2815 nequitias
1109 2749 1219 2816 potens
1232 2758 1332 2818 expug-

128 2857 183 2896 nas
196 2857 205 2909 ;
228 2844 268 2909 te,
283 2836 420 2903 Domine,
434 2840 594 2892 trementes
607 2841 639 2892 et
652 2834 799 2910 supplices
812 2834 1004 2911 deprecamur
1016 2855 1049 2892 ao
1063 2836 1203 2912 petimus,
1218 2845 1255 2896 ut
1264 2839 1330 2896 bane

127 2939 303 3006 creaturam,
327 2931 388 2989 Hic
407 2931 543 3006 respiciat
562 2931 703 2990 Sacerdos
722 2953 833 3007 aquam
860 2932 920 2991 sale
946 2934 1079 3005 sirmiam,
1108 2934 1179 2992 salis
1203 2942 1237 2994 et
1255 2953 1329 3014 squae

128 3031 288 3107 dignanter
301 3026 434 3102 accipias,
451 3026 785 3107 benignusfflillustres,
805 3029 926 3104 pietatis
944 3036 1004 3086 tuae
1021 3049 1102 3087 more
1119 3031 1326 3113 sanotiffifioes,

127 3133 164 3185 ut
176 3126 346 3200 ubicunque
366 3123 457 3180 fucrit
476 3142 600 3199 aspersa,
615 3144 669 3201 per
686 3125 904 3182 invocationem
925 3127 1021 3184 sancti
1035 3127 1167 3186 nominis
1180 3130 1230 3187 tui
1243 3128 1329 3188 omnis

125 3221 279 3281 infestatio
309 3219 457 3278 immundi
486 3221 609 3297 spiritus
640 3221 807 3297 abjiciatur,
836 3230 991 3299 terrorque
1021 3226 1165 3284 venenosi
1190 3226 1327 3306 serpentis

124 3317 228 3398 procul
242 3317 380 3394 pellatur,
394 3323 425 3373 et
444 3319 603 3394 praesentia
623 3318 726 3376 Sancti
747 3318 876 3394 Spiritus
896 3320 983 3377 nobis
1004 3321 1240 3383 misericordiam
1252 3332 1326 3383 tusu

124 3414 315 3492 poscentibus
335 3412 446 3488 ubique
468 3413 569 3472 adesse
592 3414 751 3490 dignetur:
781 3413 840 3471 Per
867 3415 1031 3474 Dominum
1055 3425 1205 3493 nostrum,
1229 3419 1326 3481 Jesurn

124 3513 289 3584 Christum,
310 3511 423 3570 Filium
443 3516 539 3584 tunm,
562 3511 624 3581 Qui
636 3518 737 3569 tecum
751 3510 831 3569 vivit
852 3520 883 3570 et
895 3522 1002 3590 regnat
1014 3515 1046 3571 in
1061 3516 1181 3575 unitate
1202 3516 1324 3596 ejusden

124 3610 255 3689 Spiritus
269 3608 371 3667 Sancti
385 3608 477 3681 Deus,
498 3608 557 3667 Per
570 3609 670 3666 omnia
683 3609 790 3666 saecula
803 3611 984 3670 saeculorum.
1027 3613 1138 3672 Amen.

186 3733 259 3791 Fiat
271 3730 400 3809 asperari>
413 3750 506 3806 aqua.

205 4381 416 4444 paphie
469 4399 525 4455 me,
564 4387 596 4438 et
649 4383 927 4460 su·perni·vem
967 4386 1005 4444 de
1035 4419 1046 4432 ·
1076 4386 1297 4450 ebba-tos
1360 4452 1365 4468 ,ι
