2760 4860
102 328 144 398 72
490 325 666 413 Emesam
687 326 915 396 Mortuerum.

160 512 301 572 Paulinus
313 511 429 590 (acio.)

159 610 211 668 Ad
231 617 270 683 te,
293 610 431 682 Domine,
452 606 553 665 levari
573 608 705 666 animam
724 627 843 667 meam:
868 587 952 669 Deris
972 630 1069 684 meus,
1083 612 1119 670 in
1140 620 1171 672 te
1191 613 1303 686 confido,

99 726 161 766 non
174 709 353 767 erubescam.

160 805 267 882 Neque
287 805 433 863 irrideant
451 822 499 861 me
519 801 635 862 inimici
648 804 726 863 mei:
746 804 859 863 etenim
880 805 1014 866 universi
1035 808 1091 885 qui
1111 809 1299 878 sustiuenttc,

100 921 161 962 non
174 903 404 962 confundentur.

160 1000 391 1060 Confundsntur
404 1018 506 1058 omues
519 999 625 1076 inique
638 1007 759 1077 agentes
773 1021 963 1079 supervacue.

160 1099 237 1157 Vias
250 1105 326 1170 tues,
342 1098 480 1168 Domine,
496 1097 668 1155 demonstra
681 1098 775 1158 mihi:
797 1106 828 1156 et
840 1101 962 1158 semitas
976 1107 1045 1159 tuas
1059 1102 1151 1161 edoce
1163 1122 1216 1160 me.

163 1197 268 1274 Dirige
291 1216 339 1254 me
360 1196 393 1252 in
413 1195 542 1253 veritate
565 1202 628 1268 tua,
654 1203 686 1254 et
708 1197 780 1254 doce
802 1216 869 1256 me:
891 1198 962 1274 quia
982 1204 1018 1256 tu
1033 1218 1066 1258 es
1087 1199 1172 1259 Deus
1183 1199 1296 1259 salrator

100 1315 193 1368 meus,
207 1302 239 1353 et
252 1301 283 1353 te
296 1294 427 1353 sustinui
440 1298 505 1351 tots
519 1292 575 1351 die.

160 1391 365 1451 Reminiscere
402 1391 629 1449 miserationum
656 1396 786 1465 tuarum,
816 1392 955 1465 Domine,
984 1401 1017 1452 et
1043 1395 1292 1454 misericordiarum

100 1494 231 1560 tuarum,
245 1508 311 1565 quae
325 1509 343 1546 a
356 1487 463 1546 saeculo
477 1493 557 1544 sunt.

160 1588 279 1647 Delicta
287 1587 459 1665 juventutis
469 1605 535 1643 mea
548 1591 580 1644 et
593 1584 777 1662 ignorantias
790 1606 871 1646 meas
885 1607 923 1645 ne
936 1589 1119 1650 memineris.

161 1685 330 1743 Secundum
348 1682 580 1743 misericordiam
593 1688 678 1740 tuam
699 1690 848 1742 memento
862 1685 921 1742 urei
942 1691 988 1758 tu,
1001 1694 1128 1764 propter
1147 1688 1291 1746 bonitatem

100 1789 194 1853 tuam,
209 1782 346 1841 Domine.

160 1877 266 1936 Dulcis
278 1883 310 1936 et
330 1884 429 1937 rectus
449 1877 614 1935 Dominus:
635 1884 757 1955 propter
770 1877 825 1936 hoc
845 1879 941 1956 legem
962 1878 1049 1938 dabit
1069 1881 1290 1960 delinquentibus

100 1995 135 2034 ru
148 1994 206 2033 vra.

158 2071 279 2148 Diriget
293 2077 463 2131 mansuetos
477 2071 509 2128 in
520 2071 654 2148 judicio:
676 2071 793 2129 docebit
807 2072 895 2129 mites
908 2072 973 2130 vias
988 2092 1068 2131 suas.

157 2169 316 2229 Universae
337 2169 394 2228 viae
416 2169 541 2229 Domini
565 2169 768 2227 misericordia
788 2175 820 2227 et
839 2169 951 2228 veritas
971 2173 1196 2248 requirentibus
1219 2176 1288 2230 teu·

98 2274 233 2327 mentum
248 2269 313 2345 ejus
327 2274 358 2327 et
371 2268 544 2328 testimonia
558 2269 629 2344 ejus.

158 2368 287 2445 Propter
306 2386 415 2424 nomen
435 2374 534 2438 tuum,
548 2366 685 2438 Domine,
700 2364 909 2442 propitiaberis
929 2371 1051 2443 peccato
1071 2386 1158 2426 meo:
1181 2368 1288 2426 multon
1329 2364 1331 2457 l

100 2472 146 2525 est
161 2466 251 2526 enim.
685 2529 688 2535 ,
1273 2461 1275 2464 ’
1329 2494 1331 2537 l

158 2565 233 2636 Quis
247 2570 292 2621 est
312 2563 410 2634 homo,
425 2561 477 2637 qui
499 2560 587 2618 timet
608 2558 792 2617 Dominumi
812 2558 908 2637 legem
927 2561 1037 2617 statuit
1057 2561 1085 2619 ei
1100 2563 1133 2618 in
1147 2562 1203 2634 riu,
1218 2575 1288 2638 quum
1329 2548 1331 2573 '

99 2662 196 2740 elegit.

159 2759 273 2817 Anima
300 2759 364 2833 ejus
398 2757 427 2812 iu
456 2754 541 2811 bonis
573 2753 793 2811 ‹lerirorabiturz
832 2760 862 2810 et
893 2751 992 2811 ‘semen
1024 2757 1090 2831 ejus
1122 2751 1286 2814 haereditabit

100 2862 218 2914 terrem.

161 2953 398 3009 Firmamentum
412 2955 457 3006 ost
472 2948 620 3005 Dominus
635 2947 811 3004 timentibus
826 2966 911 3004 cum:
933 2956 964 3004 ct·
979 2953 1193 3007 testamentum
1206 2946 1286 3025 ipsius.

101 3056 135 3107 ut
149 3049 356 3105 manifestetur
370 3047 438 3103 illis.

161 3146 248 3204 Oculi
270 3146 329 3202 mei
353 3163 467 3220 semper
488 3143 525 3200 ad
552 3142 736 3200 Dominum:
766 3141 906 3216 quoniam
932 3142 996 3217 ipse
1018 3143 1128 3202 evellet
1149 3145 1186 3203 de
1204 3143 1287 3218 laqueo

99 3244 187 3322 pedes
201 3263 289 3300 meos.

158 3343 285 3418 Respice
300 3342 331 3397 in
346 3360 402 3412 me,
418 3346 449 3397 et
463 3339 601 3396 miserere
616 3338 692 3394 mei:
714 3336 784 3412 quia
799 3337 913 3410 unicuS,
930 3344 961 3395 et
975 3342 1089 3415 pauper
1102 3360 1166 3399 sum
1181 3360 1237 3417 ego.

157 3439 377 3496 Tribulationes
400 3437 496 3495 cordis
517 3436 577 3493 mei
599 3434 805 3511 multiplicatae
825 3441 914 3492 sunt:
936 3434 973 3492 de
993 3437 1220 3495 necessitutibus
1233 3430 1288 3493 mois

100 3556 170 3595 erue
184 3556 239 3595 me.

158 3633 239 3690 Vide
261 3632 463 3690 humilitatem
487 3648 593 3701 mcum,
616 3635 646 3687 et
670 3628 802 3686 laborem
826 3647 943 3686 mcum:
972 3634 1003 3686 ct
1025 3629 1147 3690 dimitte
1168 3632 1289 3690 universa

100 3731 208 3790 delicta
221 3750 294 3788 mea.

159 3829 284 3904 Respice
307 3827 443 3885 inimicos
464 3845 553 3901 meos,
576 3826 718 3903 quoniam
741 3825 933 3902 multiplicati
956 3835 1035 3899 suut,
1060 3834 1092 3885 et
1114 3828 1182 3886 odio
1204 3827 1291 3903 iniqu

99 3926 227 3985 oderunt
241 3944 296 3982 me.

159 4022 284 4082 Custodi
297 4021 425 4079 animam
442 4040 548 4093 meam,
560 4028 590 4078 et
604 4040 673 4079 eruo
688 4040 751 4078 me:
774 4039 835 4076 non
845 4019 1024 4090 erubescam,
1036 4021 1177 4096 quoniam
1191 4013 1294 4100 sperari

101 4119 134 4178 in
147 4128 186 4179 tc.

162 4218 350 4286 Innocentcs,
365 4221 396 4272 et
409 4214 483 4272 recti
497 4213 685 4271 adhaeserunt
699 4212 791 4271 mihi:
812 4211 885 4289 quia
899 4212 1030 4270 sustinui
1045 4219 1083 4272 te.

163 4315 279 4383 Libera,
295 4313 386 4384 Deus,
402 4311 504 4382 Israel,
520 4331 558 4370 ex
572 4311 709 4368 omnibus
723 4309 969 4367 tribulationibus
983 4310 1052 4368 suis.

164 4412 310 4488 Requiem
324 4415 473 4467 aeternam.
