2768 4852
375 315 643 402 Percprinorecm
656 317 850 386 Servitium.

592 529 630 595 V.

80 689 190 753 FROM
214 693 303 751 ΤΗΕ
332 692 418 750 ELY
440 692 702 751 PONTIFIOAL
726 692 777 751 IN
798 693 887 753 THE
908 694 1166 758 OAMBRIDGE

258 787 530 847 UNIVERSITY
551 787 757 848 LIBRARY.
799 789 874 851 Sino.
897 790 976 851 XII.

80 929 243 990 Benedictio
255 951 343 1006 cuper
356 950 401 989 eos
414 930 467 1005 qui
474 950 592 1006 perepre
601 931 834 1006 proficiscuntur.

80 1011 222 1069 Protinus
266 1010 327 1080 Qui
340 1011 458 1068 habitat
470 1011 553 1087 (ccc.)

80 1091 224 1149 Petimus.
267 1090 380 1148 Ievavi
393 1090 492 1148 oculos
505 1109 585 1148 meos
601 1090 702 1169 (caet)

79 1170 224 1228 Petimus.
267 1170 314 1228 De
327 1170 482 1246 profundis
496 1170 628 1247 (ccccc.)

79 1249 181 1307 Gloria
195 1250 287 1308 Patri
331 1251 429 1326 Kyrie
442 1250 570 1326 eleyson.
612 1248 703 1307 Pater
715 1255 825 1309 noster.
867 1250 909 1309 Et
924 1270 962 1310 ue
975 1271 1036 1310 uos.

77 1329 140 1406 Ego
154 1330 227 1401 dixi,
243 1330 391 1388 Domine:
410 1330 489 1387 Sana
505 1330 643 1387 animam.

80 1410 184 1467 Salvos
197 1410 262 1467 fec:
283 1411 365 1467 Deus
378 1428 469 1467 meus.

79 1488 268 1561 Convertere,
284 1490 430 1548 Domine:
452 1489 494 1546 Et
507 1488 706 1566 deprecabilis.

79 1569 152 1626 Esto
165 1570 211 1627 ei:
232 1570 264 1626 A
277 1569 358 1628 facie.

79 1648 170 1706 Mitte
184 1649 230 1706 ei:
252 1650 293 1706 Et
306 1649 342 1707 de
356 1649 436 1708 Sion

79 1728 216 1802 Domine,
231 1730 357 1787 exaudi:
379 1729 421 1787 Et
434 1728 550 1788 clamor.

79 1808 227 1867 Dominus
240 1811 400 1866 vobiscum.

77 1887 201 1962 Adesto,
218 1889 354 1959 Domine,
369 1898 395 1948 et
408 1897 499 1947 cetero
512 1895 546 1946 ut
559 1908 660 1964 supro,
674 1907 702 1965 p.
720 1888 786 1947 104.

75 1967 149 2026 Alio
164 1969 272 2027 Oratio.
317 1970 398 2027 Deus
411 1969 536 2027 infinitae
551 1968 764 2041 misericordie,
779 1977 805 2027 ct
818 1977 909 2028 cetero
923 1978 1064 2045 utsupra
1076 1970 1191 2031 itidem.

78 2049 129 2106 Ad
134 2068 222 2123 perot
231 2050 359 2108 dandas.

76 2127 188 2205 Accipe
201 2149 301 2205 perani
320 2131 438 2206 siguum
455 2128 707 2207 peregrinationis.
757 2128 797 2187 In
811 2129 930 2188 nomine
944 2129 1044 2189 Patris
1056 2135 1087 2190 et
1100 2129 1172 2189 Filii
1185 2136 1217 2191 et

72 2208 149 2266 ritus
163 2209 272 2267 Sancti

78 2288 204 2359 Quando
225 2289 360 2347 ὒασαῐιιηι
380 2288 500 2347 dederis.
543 2286 602 2347 Per
622 2288 701 2347 huuc
720 2288 858 2348 baculum
878 2290 1055 2368 accipisset
1074 2299 1214 2352 ceteraet

71 2389 118 2439 ra,
133 2388 161 2444 p.
179 2369 244 2427 104.

78 2449 245 2507 Benedictio
258 2450 299 2506 ad
313 2449 448 2508 baculum
461 2457 487 2506 ct
495 2467 607 2524 peram.

77 2528 214 2600 Domine,
230 2530 252 2587 J
253 2549 304 2586 esu
319 2529 445 2601 Christe,
459 2530 512 2604 qui
525 2529 675 2602 ineffabili,
692 2537 717 2587 et
731 2537 821 2589 cetera
834 2539 983 2608 utsupra,
998 2551 1026 2610 p.
1044 2530 1109 2593 27⁴⁶.

80 2609 165 2666 Tunc
178 2610 284 2666 dcitur
297 2611 338 2667 eia
345 2629 432 2684 perce.

78 2688 119 2745 In
138 2690 257 2747 nomine
278 2690 392 2746 Sanctae
412 2698 444 2747 et
464 2689 632 2746 Individuae
653 2687 819 2762 Trinitatis,
836 2689 883 2747 Sit
903 2690 960 2748 tibi
981 2691 1094 2750 christi
1107 2691 1215 2768 jugum

71 2775 205 2825 nsuetum
218 2775 249 2825 et
269 2770 342 2842 leve,
357 2776 393 2826 ut
412 2788 472 2827 suae
491 2767 682 2844 protectionis
701 2769 868 2827 munimine
888 2770 1036 2828 custodiet
1056 2777 1087 2829 te
1105 2772 1217 2847 ubique

71 2848 218 2920 litantem,
244 2851 385 2925 quatinus
408 2849 447 2906 ed
466 2854 583 2924 portam
604 2848 762 2906 salutiferae
784 2849 963 2908 remissionis
989 2850 1218 2909 misericorditer

71 2928 157 2986 rearis
170 2929 268 2986 attolli
281 2936 370 3005 atque
384 2935 501 2987 ecternae
521 2927 715 2986 beatitudinis
733 2930 830 3005 gretia
849 2928 975 2987 feliciter
994 2930 1115 3007 perfrui.
1158 2930 1218 2990 Per

71 3008 152 3066 idem.

78 3089 131 3145 Ad
144 3088 287 3147 taculum.

77 3168 189 3244 Accipe
210 3168 347 3226 baculum
367 3167 593 3226 sustentationis
613 3167 661 3226 vel
681 3167 858 3227 defensionis
878 3167 1004 3228 Domini
1022 3169 1119 3229 nostri
1140 3170 1162 3230 J
1164 3190 1216 3230 esu

71 3247 139 3320 isti,
154 3268 212 3324 quo
226 3253 411 3306 sustentante
427 3267 542 3325 gressus
555 3249 671 3306 itineris
686 3249 733 3307 tui
752 3250 879 3308 firmiter
898 3269 1018 3328 pergere
1031 3251 1138 3326 veleas,
1153 3271 1218 3329 pro

79 3330 186 3385 amotis
199 3329 354 3386 venenosis
367 3328 594 3406 impulsionibus
607 3329 751 3406 serpentis
764 3329 890 3408 antiqui.
934 3331 993 3392 Per
1005 3332 1140 3395 eundem.

77 3408 227 3485 Asperges
240 3428 296 3480 me,
311 3409 447 3469 Domine.

79 3488 245 3546 Benedictio
253 3508 333 3564 perce
346 3497 372 3547 ct
386 3488 482 3548 boculi
489 3490 719 3565 perecrireomm.

78 3568 162 3625 Deus
175 3569 362 3644 omnipotens
376 3570 428 3646 qui
441 3570 595 3640 mundum,
610 3579 636 3627 et
649 3578 739 3628 cetero
752 3578 786 3626 ut
799 3590 899 3646 cupro,
915 3589 943 3646 p.
961 3571 1027 3628 103.

78 3648 130 3705 Ad
141 3648 273 3706 dandam
283 3669 393 3725 peram.
437 3650 549 3725 Accipe
563 3650 638 3705 hanc
651 3666 761 3723 peram,
778 3658 804 3707 et
817 3658 907 3708 cetera
919 3657 954 3705 ut
963 3667 1056 3724 aspro
1068 3645 1182 3709 ibidem.

78 3726 131 3786 Ad
142 3728 285 3787 tacidum.
328 3727 386 3787 Per
399 3729 477 3786 hunc
490 3727 635 3798 baculum,
649 3734 676 3783 et
689 3735 780 3786 cetera
793 3735 940 3802 utsupra,
954 3744 983 3803 p.
1002 3727 1067 3785 104.

79 3807 228 3865 Dominus
241 3807 402 3867 vobiscum.
446 3807 555 3868 Oratio.

79 3886 276 3966 Omnipotens
290 3887 381 3960 Deus,
396 3889 448 3966 qui
462 3892 507 3946 est
520 3887 578 3959 via,
593 3892 619 3944 et
633 3891 724 3944 cetero
736 3891 770 3942 ut
783 3902 876 3961 cupro
888 3883 1002 3943 ibidem

452 4042 644 4100 annnrcrro
665 4053 777 4099 cnuc1s

79 4154 230 4233 Rogamus
243 4162 283 4229 te,
298 4155 436 4226 Domine,
450 4161 551 4213 ssucte
564 4152 663 4222 Pater,
676 4149 863 4227 omnipotens
878 4154 989 4208 eterne
1001 4148 1093 4224 Deus,
1107 4156 1144 4211 ut
1156 4151 1217 4230 dig·

71 4236 97 4294 is
110 4236 290 4307 benedicere,
302 4236 357 4294 hoc
367 4241 427 4293 tuae
438 4240 545 4292 sancte
556 4232 649 4291 crucis
662 4230 788 4306 signum,
800 4234 837 4289 ut
848 4229 890 4289 sit
901 4229 971 4287 huic
984 4228 1097 4288 tumulo
1106 4236 1161 4290 tuo
1174 4251 1217 4290 re·

71 4316 149 4376 lium
157 4316 295 4390 salutare,
301 4323 337 4377 ut
344 4316 385 4375 sit
391 4313 524 4375 soliditas
530 4312 609 4383 fidei,
614 4309 909 4389 proiectusbouorum
917 4327 1048 4386 operum,
1053 4310 1217 4390 redemptio

71 4416 194 4468 merum,
209 4397 354 4475 protectio
367 4415 401 4457 ac
414 4391 508 4454 tutele
520 4398 714 4510 contr-spiere
722 4389 823 4467 jacula
834 4387 1032 4450 inimicorum.
1073 4389 1139 4452 Per.

597 4488 616 4530 o
