2768 4852
443 328 694 397 Beaedictiones
717 328 900 397 denecales.

356 568 550 627 anrcno
571 567 668 627 Pms
689 584 802 627 omnus
824 568 1000 627 Doumrcrs.

128 707 317 767 Banedicite.

128 805 285 864 Dominus
297 802 458 862 vobiscum

131 901 247 962 Orate.

131 996 322 1077 Benevlsdic,
334 996 472 1070 Domine,
484 1003 651 1056 creaturam
664 997 751 1055 istem
762 999 855 1074 panis,
867 997 945 1055 sicut
954 996 1134 1055 benedixisti
1147 997 1278 1074 quinque

69 1116 163 1176 pianes
176 1096 210 1153 in
223 1096 349 1168 deserto,
362 1100 399 1153 ut
415 1114 517 1153 omnes
536 1100 690 1172 gustantes
709 1114 747 1154 ex
768 1115 803 1153 eo
823 1102 886 1152 tam
907 1094 1038 1171 corporis
1059 1113 1149 1169 quem
1169 1092 1276 1151 anime

70 1193 220 1270 resipiant
232 1193 399 1252 sanitatem.

134 1291 176 1349 In
187 1291 310 1349 nomine
323 1291 424 1349 Patris
436 1298 468 1349 et
482 1291 553 1348 Filii
566 1296 597 1348 et
612 1291 742 1367 Spiritus
756 1290 866 1350 Sancti.
909 1291 1017 1349 Amen.

137 1388 177 1446 ΕΙ
186 1397 362 1465 arperyatur
375 1409 455 1465 apua
468 1386 643 1448 benedicte*

415 1601 609 1660 Βιιιιιιιιισιιο
630 1600 726 1658 Pers
746 1616 784 1658 ιιι
804 1600 931 1659 Brenn.

140 1747 301 1807 Dominum
314 1748 474 1808 vobiscum.
518 1748 653 1808 Oremus.

140 1844 225 1918 Dens,
241 1846 429 1922 omnipotens
448 1845 548 1917 Pater,
562 1846 616 1923 qui
628 1847 774 1905 mundum
791 1865 829 1904 ex
845 1845 968 1903 informi
990 1845 1115 1903 materia
1136 1844 1233 1903 fecisti
1246 1852 1277 1904 et

82 1940 195 2001 unicum
212 1943 325 2001 Filium
338 1942 396 2000 tibi
408 1949 588 2001 coeternum
600 1962 655 2019 pro
669 1943 785 2020 generis
798 1942 922 2000 humani
935 1941 1143 2018 redemptione,
1160 1942 1277 2018 Spiritu

86 2034 186 2099 Sancto
198 2045 383 2118 cooperante,
398 2039 548 2100 incarnari
555 2041 691 2117 jussisti3
711 2059 889 2118 quaesumns,
900 2044 936 2097 ut
948 2039 1025 2097 hanc
1038 2058 1140 2116 peram
1153 2045 1184 2098 et
1196 2039 1277 2098 huno

87 2130 215 2196 bulum
236 2136 458 2217 benetlsdioere
481 2138 621 2215 digneris,
643 2143 735 2214 etque
758 2157 812 2214 per
831 2137 975 2196 virtutem
995 2137 1137 2213 potentiss
1157 2143 1218 2194 tute
1238 2137 1277 2195 ab

90 2222 210 2292 hostibus
231 2240 337 2292 contra
357 2253 412 2292 nos
432 2232 643 2292 dimicantibus
664 2232 778 2291 invicta
790 2238 993 2310 permaneant,
1007 2237 1044 2289 ut
1057 2233 1226 2309 quicunque
1239 2252 1277 2291 ex

91 2322 132 2383 05⁸
141 2330 332 2409 pugnaverint
345 2330 579 2389 incolumitatem
600 2332 664 2388 tem
684 2331 815 2408 corporis
828 2349 918 2407 qnam
932 2329 1049 2403 enimae,
1064 2336 1095 2388 te
1107 2331 1154 2407 adj
1158 2336 1277 2403 uvanto,

93 2426 248 2505 recipiant
291 2427 351 2485 Per
365 2427 518 2487 Christum
532 2427 705 2488 Dominum.

145 2522 271 2583 Orsmus
314 2522 427 2582 Oratio.

144 2616 265 2680 Domine
278 2621 363 2679 Dens
376 2618 571 2696 omnipotens,
586 2619 712 2678 humani
725 2619 842 2697 generis
861 2626 977 2678 creator
995 2626 1086 2697 atque
1099 2621 1277 2697 redemptor,

94 2712 139 2781 lbi
155 2735 205 2795 pro
230 2718 328 2777 salute
354 2717 511 2776 hominum
533 2718 571 2777 de
597 2718 676 2776 caelis
702 2718 741 2776 ad
764 2724 859 2776 terras
886 2717 1063 2776 descendens
1090 2726 1122 2776 et
1147 2719 1277 2795 idipsum

95 2796 239 2875 lunanum
264 2836 359 2895 genus
391 2816 556 2874 informans
589 2823 649 2874 tuse
683 2816 847 2893 spiritualis
880 2815 1023 2874 alimento
1057 2815 1198 2874 doctrine
1225 2835 1278 2892 per

95 2912 221 2991 wespa
241 2918 302 2971 tuoe
325 2912 399 2990 legis
420 2912 459 2970 sd
480 2911 586 2970 cselum
606 2912 778 2985 sublevasti,
793 2912 932 2971 obediens
946 2912 1009 2989 ipse
1022 2912 1118 2970 fectus
1131 2931 1226 2988 usque
1238 2912 1277 2970 ad

96 3010 203 3069 nortem
214 3008 320 3084 Pst1i3
340 3015 372 3067 te
384 3007 531 3086 supplices
551 3028 717 3083 exoramus,
731 3015 767 3068 ut
779 3009 857 3068 hanc
876 3028 978 3086 peram
998 3016 1030 3068 et
1047 3010 1126 3067 hunc
1140 3009 1277 3067 baculum

95 3088 295 3189 lanopdicere
321 3127 375 3185 pro
402 3113 456 3166 tua
483 3107 593 3185 pietate
627 3108 767 3187 digneris,
796 3108 873 3166 sicut
900 3107 1080 3166 benedixisti
1107 3107 1275 3166 duodenum

94 3190 282 3279 Ascensum
305 3205 523 3279 insumentum,
550 3207 658 3283 quibus
685 3207 746 3264 tus
773 3206 889 3264 ditonis
915 3205 1070 3282 Apostolis
1091 3205 1218 3282 jussisti,
1242 3212 1278 3263 ut

92 3302 220 3361 nudum
242 3306 466 3361 contemnentes
488 3320 649 3379 supernum
678 3302 799 3360 Patrem
826 3320 933 3378 penem
960 3308 1096 3378 poterent
1119 3302 1157 3358 ed
1182 3299 1277 3377 quoti-

90 3384 197 3458 dl'snum
209 3399 325 3458 victum
338 3399 496 3478 debitaque
516 3399 713 3473 dimitterent,
727 3399 868 3476 quatinus
880 3417 934 3474 per
946 3398 1023 3457 hanc
1036 3398 1184 3456 visibilem
1198 3415 1278 3474 pere

86 3492 250 3558 (filiationis
267 3516 369 3574 peram
385 3502 417 3555 et
434 3497 581 3569 baculum,
596 3497 766 3574 quicunque
787 3497 938 3574 accepturi
955 3503 1028 3555 sunt
1045 3515 1094 3554 eos
1112 3494 1277 3553 induantur

86 3590 166 3669 ¹tque
177 3595 384 3654 confortentur
402 3599 464 3652 tua
484 3593 648 3654 clementis
671 3594 821 3667 alimonis,
846 3594 909 3652 et
900 3613 933 3650 m
953 3592 1124 3670 frugalitate
1144 3608 1277 3668 perman-

84 3694 160 3750 Qtes
177 3698 349 3752 mereantur
367 3691 524 3770 pervenim
543 3693 580 3750 ad
602 3700 713 3752 {eterne
736 3693 814 3751 dona
833 3691 944 3750 civium
968 3708 1170 3767 supernorum.
1218 3686 1277 3745 Per

85 3768 239 3851 bominum
251 3796 396 3849 nostrum

140 3884 220 3946 l'unc
242 3895 417 3963 asperqatur
440 3905 521 3963 aque
544 3885 697 3945 benedicta.
754 3883 868 3943 Deinde
892 3884 991 3944 tradet
1014 3881 1155 3940 Sacerdos
1172 3840 1277 3956 poam

80 3982 225 4056 qurino
237 3982 355 4042 diens:

141 4076 246 4159 Accipe
264 4080 344 4139 beno
361 4099 465 4158 persm
487 4079 606 4157 signum
628 4076 882 4158 peregrinationis.
924 4075 964 4133 In
984 4073 1105 4133 nomine
1126 4073 1226 4132 Patris
1245 4078 1277 4134 et

87 4154 155 4230 mhi
164 4182 194 4235 rt
207 4176 338 4256 Spiritus
351 4177 461 4237 Sancti.
504 4176 614 4236 Amen.

91 4328 383 4457 ¹⁸³1meAEme
402 4337 455 4386 HS.
473 4352 532 4399 goes
548 4352 620 4385 onr
597 4338 660 4384 from
676 4336 770 4383 thieto
787 4332 854 4379 tbe‘
857 4332 1020 4379 ‘summ
1040 4343 1151 4380 ιιιιοιιιι
1171 4332 1278 4380 Exco!-
