2768 4852
376 362 466 431 Ordo
485 362 535 431 od
548 362 715 451 sudando
733 363 929 452 sponsalia.

118 689 248 748 Ore-do
285 690 320 746 in
363 708 488 747 u-nnm
514 688 650 747 Deum.

106 816 234 875 Putrem
245 817 493 894 omnipotentem,
506 817 649 876 fictorem
662 817 728 875 oeli
741 822 773 875 et
786 826 885 891 terre,
897 817 1065 876 risibilium
1080 821 1217 879 omnium
1229 830 1263 882 et

50 914 259 975 invisitilium.
309 915 353 974 Et
374 915 409 973 in
434 933 531 972 unum
555 914 722 973 Dominum
743 914 852 972 Jesum
875 914 1040 987 Christum,
1064 917 1179 975 Filium
1202 918 1263 978 Dei

50 1012 252 1090 unigenitum,
273 1012 316 1070 Et
335 1031 376 1070 ex
396 1012 490 1071 Putre
508 1018 615 1068 nutum
636 1018 708 1069 ante
728 1011 830 1068 omnis
850 1013 974 1070 wouh:
1004 1014 1104 1072 Deum
1125 1016 1163 1074 de
1185 1016 1261 1090 Deo,

49 1106 170 1169 Lumen
187 1109 226 1167 de
245 1109 384 1181 Lumine,
398 1109 499 1167 Deum
518 1129 624 1168 verum
645 1109 683 1167 de
707 1108 773 1167 Deo
794 1129 874 1182 reno,
888 1111 1033 1169 Genitum
1056 1132 1117 1171 non
1139 1114 1262 1187 factum,

48 1205 337 1267 consubstantialem
356 1205 454 1280 Patri,
467 1226 522 1284 per
543 1225 634 1284 quem
655 1206 757 1265 omnis
778 1205 857 1264 neu
876 1214 957 1265 sunt.
999 1208 1062 1278 Qui
1073 1220 1196 1287 propter
1207 1231 1264 1270 nos

48 1304 190 1365 homes
208 1309 241 1363 et
252 1309 376 1382 propter
392 1310 528 1361 nostram
539 1302 668 1360 sulutem
681 1300 834 1360 descendit
851 1302 889 1360 de
904 1303 992 1361 oelin
1035 1304 1076 1362 Et
1089 1306 1264 1368 incarnatus

47 1410 97 1465 ot
108 1403 149 1462 do
161 1401 280 1481 Spiritu
297 1402 408 1460 Sancto
422 1420 462 1459 ex
475 1400 576 1458 Mun'n
589 1400 716 1477 virgine,
731 1399 773 1457 Et
786 1398 875 1457 homo
888 1400 985 1459 suctus
997 1410 1051 1460 eet.
1094 1404 1264 1464 Crucifixus

48 1501 145 1563 otim
157 1520 214 1578 pro
226 1500 314 1559 nobis
326 1500 384 1559 sub
396 1498 509 1558 Pontio
521 1498 633 1573 Pilato,
650 1517 734 1557 ossus
751 1504 782 1554 et
800 1498 936 1575 sepultus
948 1506 1002 1557 est
1043 1500 1086 1558 Et
1098 1504 1264 1561 resurrexit

47 1599 144 1659 tertio
155 1599 207 1657 die
219 1597 383 1657 secundum
396 1597 568 1674 scripturas,
583 1596 626 1654 Et
637 1594 772 1654 aseendit
785 1595 818 1652 iu
831 1596 947 1669 mlum,
960 1598 1043 1656 sedet
1056 1600 1096 1657 ad
1108 1600 1264 1659 dexterum

49 1696 165 1772 Petris,
178 1696 222 1756 Et
241 1697 353 1755 iterum
372 1702 521 1754 venturus
539 1699 587 1753 est
603 1713 673 1752 oum
691 1693 788 1771 gloria
804 1692 940 1769 judicare
960 1696 1047 1753 rivos
1067 1704 1100 1754 et
1119 1704 1263 1771 mortuos,

47 1796 140 1873 eujus
151 1794 240 1872 regni
255 1792 391 1852 nouerit
404 1792 483 1850 finis.
525 1792 568 1850 Et
579 1793 613 1849 in
626 1791 775 1868 Spiritum
795 1792 948 1866 Sanctum,
964 1794 1129 1853 Dominum
1142 1804 1174 1853 et
1187 1797 1264 1854 vivi.

48 1893 203 1965 flantem,
217 1892 280 1963 Qui
292 1911 332 1949 ex
344 1890 437 1949 Petro
456 1889 595 1966 Filioque
614 1889 757 1966 presedit,
773 1889 914 1959 Quicum
932 1889 1024 1949 Putre
1037 1898 1068 1949 et
1083 1892 1162 1951 Filio
1174 1893 1265 1951 simul

49 1991 198 2053 duntur
218 1996 251 2050 et
271 1987 520 2067 oonglorifiontur,
541 1987 595 2063 qui
615 1986 733 2044 loeutus
754 1993 802 2045 est
822 2007 877 2064 per
897 1988 1066 2065 prophetas
1109 1990 1152 2048 Et
1172 2010 1265 2049 unam

10 2158 28 2175 ι
49 2095 188 2149 nnetom
227 2086 413 2146 Catholionm
446 2092 479 2145 et
511 2084 717 2162 Apostolioam
757 2084 929 2144 Ecclesium.
985 2085 1137 2145 Confiteor
1169 2107 1264 2145 unum

49 2186 204 2265 hptinns
216 2186 251 2242 in
263 2184 469 2243 remissionem
481 2190 677 2260 mentorum.
716 2182 760 2242 Et
775 2189 915 2261 exspecto
928 2185 1176 2244 resurrectionem
1188 2205 1266 2245 mor·

51 2290 187 2355 tuorum,
202 2281 245 2339 Et
257 2282 355 2339 vitum
366 2282 489 2340 venturi
502 2279 611 2338 seculi
652 2277 759 2338 Amen.

116 2382 144 2441 0
247 2380 315 2439 ἀνι.

103 2382 358 2537 {ffifiit
370 2474 455 2534 Deus
471 2473 571 2548 Peter,
581 2473 815 2553 unigenitusque
829 2472 888 2530 Dei
902 2471 996 2545 Filiis,
1008 2471 1135 2530 Sanctus
1148 2493 1267 2550 quoquo

53 2574 196 2655 Spiritus,
210 2575 284 2654 quis
295 2574 368 2633 fecit
380 2572 535 2631 nobiscum
548 2570 783 2630 misericordium
796 2588 890 2627 sunm.

116 2672 242 2733 Secreto.

108 2742 286 2837 mnes,
306 2783 484 2841 quaesumus,
506 2760 635 2820 Domine
656 2761 740 2819 Deus
759 2765 870 2832 noster,
883 2777 938 2835 per
956 2758 1004 2815 tui
1023 2759 1119 2816 suncti
1139 2758 1269 2820 nominis

54 2862 285 2935 invocationem,
300 2870 332 2920 et
345 2881 399 2938 per
411 2859 575 2938 Unigeniti
587 2860 634 2918 tui
648 2859 803 2929 virtutem,
818 2856 910 2933 hujus
923 2855 1084 2914 oblationis
1096 2857 1225 2916 hostiurn
1238 2865 1270 2919 et

55 2967 233 3040 ooopernnte
262 2959 379 3037 Spiritu
410 2958 530 3029 Sancto,
551 2975 605 3033 per
624 2975 690 3014 eom
716 2955 915 3032 nosmetipsos
940 2955 998 3013 tibi
1023 2956 1131 3033 perfice
1158 2976 1269 3018 munus

57 3064 215 3119 sternam

117 3154 193 3214 Alia
204 3152 320 3213 Secreto
333 3153 386 3212 roob
398 3173 463 3211 ono
477 3150 665 3211 conclusione.

118 3250 252 3328 Suscipe,
263 3268 443 3327 quaesumus,
454 3248 593 3320 Domine,
603 3267 658 3326 pro
671 3266 754 3305 suoru
766 3246 909 3305 oonnubii
921 3246 985 3324 lege
998 3267 1108 3307 munus
1122 3250 1267 3323 oblatum,

58 3352 91 3409 et
98 3348 186 3426 cujus
194 3346 321 3423 largitor
330 3365 361 3405 es
371 3346 476 3423 operis,
487 3352 551 3403 esto
560 3345 728 3422 dispositor.
764 3344 824 3402 Per
833 3343 999 3402 Dominum
1006 3351 1151 3418 nostrum,
1163 3346 1185 3404 J
1186 3367 1270 3404 esum

59 3442 226 3516 Christum,
240 3441 355 3500 Filium
374 3449 471 3516 tuum,
487 3442 541 3518 qui
560 3447 660 3500 tecum
675 3440 754 3499 vivit
776 3446 808 3500 et
828 3448 933 3519 regunt
954 3442 988 3500 in
1004 3443 1122 3501 unitate
1139 3443 1271 3520 Spiritus

59 3538 166 3601 &noti
180 3540 272 3601 Deus.

125 4028 1234 4105 '‘wa-ffl-

74 4142 213 4203 Sursum
227 4143 342 4201 eor-ds.
385 4141 569 4201 Gra-ti-as
602 4138 954 4219 u-gu-musDomi-no
996 4136 1092 4194 De-o
1123 4143 1250 4197 nos-tm.

60 4306 1275 4389 Q

83 4446 195 4506 Ve-re
207 4445 342 4525 dig-num
356 4451 388 4504 et
397 4446 526 4521 jus-tum
547 4450 602 4516 est,
629 4462 759 4520 ae-quum
772 4450 803 4502 et
828 4441 919 4501 sos-lu
934 4474 945 4487 -
959 4448 992 4500 ta
1002 4476 1012 4486 -
1022 4461 1063 4514 re,
1078 4461 1133 4500 nos
1154 4443 1181 4500 ti
1191 4444 1241 4502 -bi
