2760 4860
256 345 407 412 Maneat
423 345 534 433 Offiocs
547 345 645 432 from
658 346 710 414 tte
724 345 891 434 Haesorcl
904 344 1037 411 llissal.
1172 346 1253 409 121·

622 605 668 672 II.

197 757 460 818 BENEDIOE'IO
496 758 638 818 SUPER
673 758 751 818 Eos
786 758 866 830 QUI
901 755 1101 815 PEREGRE

452 872 842 932 PROFIGISOUNTUR.

87 1019 162 1080 Ina·
174 1020 294 1080 Psalmi
300 1019 402 1096 primo
415 1019 558 1079 dicantar
567 1045 577 1080 .-

90 1100 165 1172 Qui
177 1100 298 1159 habitat
310 1100 391 1179 (aa)
431 1101 547 1159 Iesum
560 1100 660 1160 oculos
673 1099 773 1179 (cce.)
814 1100 861 1158 De
874 1098 1029 1176 profundis
1042 1096 1150 1175 (cacia.
1156 1098 1173 1175 )

92 1180 210 1240 Gloria
222 1181 316 1240 Petri.
359 1181 445 1240 Sicut
458 1188 531 1240 erat.

10 1270 12 1275 '
92 1260 203 1338 Kyrie
215 1261 343 1338 eleyson
385 1261 505 1321 Christe
518 1263 646 1339 eleyson.
690 1261 787 1338 Kyrie
800 1261 927 1338 eleyson.

94 1340 198 1400 Pater
209 1348 318 1400 nuster.
362 1341 404 1400 Et
416 1362 455 1400 ne
468 1361 530 1401 nos
574 1343 634 1401 Sed
647 1341 748 1400 libers.

17 1462 21 1467 -
96 1421 229 1480 Salvum
242 1422 289 1480 fec
302 1441 422 1480 servum
435 1428 541 1481 tuum:
617 1422 622 1430 '

143 1501 229 1560 Deus
241 1522 334 1575 meus,
348 1509 518 1581 sperantem
531 1504 564 1560 in
577 1508 616 1562 te.

99 1581 179 1641 Fato
193 1583 229 1655 ei,
243 1582 382 1656 Domine,
396 1584 490 1642 turris
504 1582 710 1642 fortitudinis:

144 1662 177 1719 A
190 1662 265 1721 facie
277 1663 400 1722 inimici.

101 1741 192 1801 Nihil
205 1743 341 1820 proficiat
352 1744 491 1802 inimicus
505 1744 538 1801 in
551 1763 602 1803 eo:

145 1823 187 1881 Et
199 1824 279 1882 filius
293 1825 463 1901 iniquitatis
476 1844 538 1883 non
551 1829 683 1903 apponat
695 1842 800 1882 nocere
813 1823 849 1881 ei.

102 1903 244 1979 Domine,
259 1905 376 1962 exaudi.

101 1983 253 2043 Dominus
266 1985 426 2045 vobiscum
470 1985 604 2044 Oramus

103 2077 214 2136 Oratio.
257 2078 382 2152 Adesto,
411 2078 550 2151 Domine,
587 2076 854 2155 supplicationibus
888 2076 1006 2148 nostris,
1035 2081 1061 2134 et
1095 2083 1185 2133 cetera
1218 2080 1252 2131 at

114 2179 142 2229 a,
180 2158 272 2216 .105.

44 2176 179 2297 &atqup
189 2237 300 2298 Oratio.
343 2239 436 2310 Deus,
452 2239 505 2316 qui
518 2239 556 2297 ad
569 2238 665 2297 vitam
678 2238 770 2311 ducis,
785 2247 811 2298 ct
825 2247 916 2297 cetera
929 2247 963 2296 at
977 2257 1078 2314 respira,
1094 2255 1120 2313 p.
1139 2234 1201 2296 27⁹.

100 2319 175 2377 Atia
190 2318 300 2379 Oratio.
343 2319 428 2378 Deus
441 2319 568 2378 infinitae
582 2319 798 2390 misericordia,
810 2328 836 2378 ct
850 2327 940 2378 cetera
954 2328 1101 2395 utsupra,
1117 2337 1144 2394 p.
1163 2317 1228 2376 105.

98 2400 270 2459 Benedictio
278 2420 359 2477 pera
372 2408 399 2459 et
412 2400 517 2461 baculi.

100 2481 237 2539 Oramus

99 2561 233 2619 Domine
242 2561 334 2671 *Jesu
362 2561 489 2635 Christe,
512 2561 565 2638 qui
586 2561 731 2620 ineffabili
755 2567 809 2619 tua
830 2560 1028 2632 miseratione,
1053 2568 1080 2618 et
1103 2568 1194 2620 cetera
1218 2569 1251 2618 at

42 2655 142 2720 aspra,
156 2661 186 2718 p.
203 2641 266 2699 27.

99 2735 188 2792 Tarso
209 2734 360 2810 imperares
381 2733 451 2793 collo
472 2733 535 2810 aas
555 2733 655 2794 dieat:
684 2734 796 2811 Accipe
815 2733 892 2793 hane
912 2754 1012 2812 peram
1034 2734 1151 2812 signum
1173 2753 1251 2810 pere

34 2814 227 2886 minationis.
268 2815 308 2872 In
321 2816 441 2874 nomine
455 2815 565 2887 Patris,
579 2824 606 2873 et
620 2823 718 2874 cetera.

97 2895 190 2954 Darae
203 2895 230 2954 ci
243 2895 379 2955 iareim
392 2896 472 2955 dicat
482 2920 492 2956 .·
512 2895 572 2954 Per
584 2894 664 2954 hune
677 2895 817 2953 baculum
831 2895 956 2973 accipies
977 2893 1205 2953 misericordium
1221 2902 1251 2952 ot

29 2966 278 3036 benedictionem
292 2996 310 3033 a
324 2976 388 3034 Deo
402 2976 527 3034 salutari
540 2983 601 3034 tuo.
646 2977 705 3047 Qui
719 2976 804 3035 vivit.

98 3056 269 3132 Sufflanpat
283 3057 359 3114 Isaac
374 3056 551 3128 Orationem,
566 3056 627 3115 iltis
635 3057 795 3133 prostratis
807 3056 843 3115 ia
856 3066 972 3116 terram.

99 3137 216 3197 Oratio.
258 3137 454 3213 Omnipotens
474 3137 653 3214 sempiterne
674 3137 765 3209 Deus,
781 3137 834 3214 qui
854 3143 899 3196 ast
919 3137 976 3208 via,
992 3135 1110 3207 veritos,
1126 3141 1156 3194 et
1178 3134 1248 3208 vita,

22 3229 63 3278 et
77 3227 174 3278 cetera
187 3225 221 3274 at
234 3237 334 3293 aspra,
350 3237 378 3294 p.
397 3218 462 3276 104.

98 3299 174 3356 Alia
189 3297 299 3357 Oratio.

100 3377 238 3455 Angelus
261 3378 385 3437 Domini
405 3378 501 3437 bonus
523 3379 682 3437 comitetur
704 3378 760 3437 tibi
784 3378 821 3436 ad
844 3378 1013 3456 dirigendos
1036 3378 1122 3455 pedes
1137 3384 1204 3437 tuos
1219 3378 1250 3437 in

21 3460 132 3597 viunisi
143 3459 233 3596 pueilq,
249 3465 285 3516 ut
298 3465 418 3535 peracto
439 3458 614 3518 obedientiae
637 3478 724 3517 cursu
748 3459 858 3518 iterum
878 3461 917 3518 ad
936 3479 991 3517 nos
1010 3460 1169 3519 reverteris
1183 3479 1249 3519 cum

27 3555 100 3616 gau
132 3559 158 3597 o.
229 3559 268 3599 er.

101 3632 152 3690 ra
164 3631 388 3691 benedicendum
401 3650 498 3691 auca
505 3633 737 3709 peregrimum.

104 3712 232 3770 Domine
256 3719 365 3785 sancte,
382 3712 474 3771 Pater
497 3714 693 3790 omnipotens,
719 3714 772 3791 qui
796 3714 918 3772 unicum
942 3713 1055 3771 Filium
1081 3718 1168 3771 tuum
1192 3712 1250 3771 tibi

34 3798 229 3866 coeternum,
241 3794 427 3870 coaequalem,
438 3794 778 3871 consubstantialemque
792 3814 845 3871 pro
859 3793 983 3852 humani
996 3793 1110 3870 generis
1124 3799 1251 3851 restaur-

36 3871 141 3931 atione
163 3873 265 3931 Sancti
287 3873 417 3950 Spiritus
438 3874 608 3951 operatione
628 3875 777 3934 incarnari
791 3875 932 3947 voluisti3
954 3872 1176 3951 bencffldicere
1189 3873 1250 3951 dig·

38 3965 115 4011 nare
127 3953 202 4012 hunc
216 3974 342 4026 crucem,
357 3961 388 4013 et
402 3961 511 4031 praests
529 3974 583 4031 per
602 3956 820 4014 invocationem
842 3956 889 4012 tui
911 3954 1089 4013 sanctissimi
1110 3953 1248 4026 nominis,

44 4034 86 4085 ut
96 4035 260 4111 quicunque
274 4035 329 4093 hoc
342 4035 527 4112 signaculum
548 4055 636 4112 snper
650 4056 681 4095 se
694 4035 839 4108 habuerit,
855 4041 915 4093 tuae
929 4034 1049 4112 pietatis
1067 4034 1251 4110 protectione

46 4115 177 4173 munitus
204 4115 336 4174 hostium
359 4114 524 4174 visibilium
551 4122 582 4175 et
608 4116 805 4175 invisibilium
839 4115 1078 4192 impugnationes
1111 4133 1250 4191 superare

44 4189 149 4277 talcat,
162 4203 252 4273 teque
272 4196 433 4255 miserante
453 4203 517 4254 tam
539 4197 668 4274 corporis
689 4217 779 4274 quam
802 4197 907 4255 animae
930 4195 1165 4254 incolumitatem
1186 4214 1249 4272 per·

47 4270 141 4342 clpiat.
183 4277 243 4335 Per
256 4278 390 4336 eundem.
434 4277 473 4335 In
487 4277 604 4336 unitate
618 4279 757 4354 ejusdem.

83 4369 215 4454 ,Deinde
236 4374 388 4450 imponens
410 4395 522 4434 aucam
543 4374 641 4435 dicat:
666 4374 778 4452 Accipe
798 4375 875 4433 hano
895 4394 1013 4434 crucem
1026 4374 1145 4454 signum
1169 4392 1250 4452 pere·

45 4453 223 4514 ammaonte.
268 4455 309 4513 In
322 4455 442 4514 nominc
457 4455 566 4528 Patris,
582 4464 608 4515 ct
621 4464 720 4514 cetera.
