2768 4852
94 362 136 427 90
470 361 644 446 musis
665 361 918 448 &senatorum

155 541 315 598 Miserator
328 547 359 598 et
372 540 537 598 misericors
550 542 715 600 Dominus:
736 542 860 619 patiens,
875 548 908 600 et
920 541 1050 601 multum
1064 542 1240 601 misericors

155 636 261 694 Suavis
270 638 418 695 Dominus
426 639 589 697 universis:
603 645 633 696 et
641 640 845 698 miserationes
853 641 916 716 ejus
923 640 1121 717 superomnia
1129 659 1221 717 opera
1228 638 1294 715 ejus

155 733 361 793 Oonfiteantur
374 735 438 807 tibi,
452 736 590 808 Domine,
600 737 701 794 omnis
714 757 803 813 opem
815 745 887 797 tua:
907 743 940 796 et
952 739 1050 797 sancti
1062 738 1112 796 tui
1123 736 1293 796 benedicant

94 825 158 884 tibi

158 921 292 979 Gloriam
305 923 389 1000 regni
402 924 449 981 tui
462 922 582 980 dicent:
605 930 636 980 ot
646 925 811 1000 potentiam
824 931 909 982 tuam
922 924 1104 1001 loquentur:

159 1017 207 1076 Ut
219 1026 322 1076 notam
335 1020 446 1077 saciant
466 1020 535 1076 liliis
555 1019 709 1078 hominum
730 1021 896 1098 potentiam
915 1026 1018 1079 tuam:
1037 1027 1070 1079 et
1082 1021 1208 1099 gloriam
1220 1037 1289 1096 mag·

94 1113 252 1172 nifioentiae
266 1117 349 1192 regni
362 1117 419 1174 tui.

158 1210 298 1288 Regnum
321 1218 406 1269 tuum
430 1232 554 1288 regnum
578 1213 710 1270 omnium
735 1213 928 1272 seculorum:
956 1220 987 1271 et
1007 1213 1174 1273 dominatio
1192 1211 1285 1272 enain

96 1308 180 1364 omni
193 1309 383 1385 generatione
395 1316 426 1366 et
439 1310 666 1385 generationem.
710 1310 821 1368 Fidelis
841 1310 988 1368 Dominus
1002 1309 1035 1367 in
1048 1309 1285 1370 omnibusrerbis

93 1403 175 1461 suis:
198 1411 229 1461 et
242 1411 361 1463 sanctus
375 1406 407 1462 iu
421 1406 557 1463 omnibus
571 1406 708 1482 operibus
720 1407 789 1464 suis.

158 1501 282 1559 Allevat
297 1501 443 1558 Dominus
458 1522 566 1575 omnes,
581 1502 634 1578 qui
647 1509 809 1559 corruunt:
832 1509 864 1560 ot
878 1501 967 1579 erigit
979 1521 1082 1560 omnes
1095 1503 1187 1561 elisos

159 1597 246 1653 Oculi
264 1598 397 1655 omnium
422 1599 453 1655 in
476 1605 506 1655 te
524 1604 652 1674 sperant,
670 1599 815 1655 Domine:
844 1602 876 1655 et
889 1604 924 1654 tu
943 1597 997 1654 das
1017 1616 1114 1655 escam
1133 1594 1280 1656 illorumin

94 1698 226 1769 tempore
240 1701 413 1769 opportuno.

155 1789 265 1865 Aperis
279 1796 313 1846 tu
328 1810 449 1846 manum
463 1796 564 1847 tuam:
586 1795 617 1846 et
630 1789 735 1866 imples
748 1809 835 1846 omne
848 1788 958 1846 animal
973 1789 1183 1848 benedictione.

156 1885 263 1943 Justus
299 1885 447 1944 Dominus
474 1888 506 1943 in
534 1887 671 1943 omnibus
699 1887 756 1942 viis
783 1886 862 1944 suis:
896 1891 927 1943 et
953 1892 1074 1943 sanctem
1101 1886 1134 1942 in
1161 1882 1279 1942 omnibus

94 1982 231 2056 operibus
244 1983 313 2039 suis.

155 2077 252 2151 Propo
276 2085 321 2135 est
342 2079 489 2137 Dominus
510 2079 646 2137 omnibns
670 2079 877 2137 invocantibus
897 2097 982 2137 eum:
1008 2077 1146 2136 omuibus
1160 2077 1278 2134 invasu

95 2173 176 2232 tibus
189 2194 257 2232 eum
271 2176 304 2231 in
317 2177 451 2234 veritate.
1036 2168 1042 2179 ’

156 2272 352 2329 Voluntatem
373 2273 545 2331 timentium
559 2294 589 2332 se
602 2273 698 2344 saciet,
714 2280 745 2331 et
758 2271 993 2349 deprecationem
1013 2291 1116 2330 eorum
1136 2269 1275 2330 exaudiet:

95 2375 126 2428 et
139 2370 236 2429 salvos
249 2371 337 2428 faciet
350 2390 405 2428 eos.

158 2464 297 2526 Custodit
331 2468 478 2525 Dominus
511 2486 612 2525 omnes
651 2466 808 2542 diligentes
840 2485 891 2524 se:
931 2472 962 2524 et
995 2484 1098 2525 omnes
1132 2467 1277 2542 peccatam

95 2563 251 2641 disperdet.

156 2663 370 2720 Laudationem
395 2660 518 2718 Domini
539 2661 678 2736 loquetur
701 2680 732 2715 os
755 2679 870 2716 meum:
897 2665 927 2716 et
940 2659 1095 2718 benedicat
1115 2658 1208 2718 omnis
1226 2670 1277 2715 tem

100 2758 213 2814 nomini
227 2766 328 2816 sonato
342 2760 405 2834 ejus
419 2759 450 2813 in
465 2757 613 2827 saecrilum,
628 2763 659 2813 et
673 2757 704 2811 in
718 2757 857 2811 sacillum
871 2753 977 2812 soeculi

155 2854 304 2913 ›S'acordoa
348 2855 493 2930 Requiem
509 2860 648 2910 aeternam
663 2853 739 2909 doira
752 2853 803 2923 eis,
819 2852 965 2909 Domine:

261 2953 297 3009 R.
381 2954 422 3008 Et
436 2954 489 3009 lux
504 2959 645 3027 perpetua
660 2952 755 3007 luccat
770 2951 819 3007 eis.

344 3051 439 3107 Orode
455 3052 553 3107 videre
567 3052 644 3106 Diua
659 3049 780 3105 Domini
796 3069 803 3105 :

383 3147 421 3201 In
436 3153 515 3204 terra
529 3147 703 3204 viventium.

343 3241 373 3297 A
388 3250 473 3318 porta
489 3245 592 3301 inferi:

386 3338 473 3409 Erue,
491 3340 626 3405 Domine,
641 3339 755 3396 animas
769 3358 879 3396 eorum.

343 3433 490 3491 Dominus
505 3435 663 3492 vobiscum.

157 3530 259 3588 Oratio
268 3550 325 3606 pro
340 3532 489 3607 Episcopo.
533 3532 623 3604 Deus,
639 3533 690 3607 qui
705 3533 783 3588 iuter
797 3532 977 3608 apostolicos.

155 3628 216 3685 Pro
229 3627 388 3688 Sacerdote.
423 3630 531 3687 Oratio.
569 3630 764 3705 Omnipotens
777 3631 955 3706 sempiterne
970 3630 1063 3703 Deus,
1074 3629 1122 3688 oui
1133 3643 1280 3706 nunquam

155 3726 216 3784 Pro
221 3726 354 3802 sanitato.
395 3726 521 3797 Inclina‚
536 3727 673 3796 Domine,
688 3747 789 3783 auium
805 3734 896 3784 tuam.

155 3823 217 3882 Pro
221 3823 354 3899 santulo.
399 3824 582 3894 Quaesumus,
598 3822 734 3893 Domine,
751 3843 802 3899 pro
816 3830 877 3881 tua.

156 3921 258 3981 Oratio
291 3922 440 3999 generalis.
497 3918 674 3989 Animabus‚
716 3939 893 3995 spiraesumus,
937 3918 1075 3993 Domine,
1117 3919 1286 3978 famulorum

94 4016 330 4097 famularumque
358 4026 475 4075 terarum
503 4015 598 4072 oratio
632 4016 764 4092 proficiat
799 4015 1049 4092 supplicantium
1083 4022 1119 4075 ut
1146 4037 1195 4076 ees
1220 4023 1288 4076 ets

92 4117 217 4190 peccatis
231 4116 368 4172 omnibus
382 4134 482 4188 exuas,
497 4120 528 4172 et
541 4120 601 4171 tuse
616 4113 825 4190 redemptionis
844 4114 934 4171 facias
949 4133 1013 4173 esse
1026 4114 1193 4192 participes
1237 4110 1291 4185 Qui

92 4209 169 4268 vivis
182 4216 214 4268 et
227 4230 339 4286 regnas.

153 4304 287 4362 Rectores
300 4305 387 4362 etot
431 4306 610 4384 Requiescat
623 4306 656 4362 in
669 4326 746 4384 pace.

153 4396 275 4457 olous.
319 4399 427 4457 Amen.
