2768 4852
414 307 759 376 Mcnmdecdesnm
773 309 907 375 Senem.
1203 314 1262 377 23*

53 493 148 551 usqne
172 475 257 534 Deus
277 495 331 553 per
351 496 441 552 quem
463 475 572 534 mulier
591 475 732 553 jungitur
752 476 826 546 viro,
848 495 908 533 non
932 477 1051 533 dicetne
1073 477 1107 534 in
1131 477 1264 536 sectandis

52 555 178 632 nuptiis,
192 557 241 614 νίν
253 557 332 615 enim
351 565 405 614 ant
424 557 531 615 medior
550 558 591 614 ad
609 555 769 630 biqcmiem
790 557 942 629 transiens,
957 577 1017 615 non
1030 557 1108 615 debet
1121 557 1229 617 iterem
1243 580 1264 618 a

53 636 208 696 &araon
222 637 357 707 benedici,
372 638 445 713 qnia
458 657 525 696 cnm
538 637 602 694 atie
618 638 677 695 eice
697 635 836 696 benedicti
848 638 909 694 sint
922 657 1020 694 eornm
1034 638 1188 696 benedictio
1202 659 1263 699 non

53 717 134 776 debet
146 717 272 777 iterari:
292 719 364 793 qnia
377 738 444 776 caro
459 717 606 776 benedicto
619 717 711 775 trabit
724 719 765 775 od
777 737 806 775 se
820 737 935 775 earnem
948 738 1008 775 non
1022 719 1205 778 benedictam.

115 797 315 856 Notandum*
332 807 372 856 est
392 807 491 857 antem
512 799 591 873 qnod
614 798 775 856 inbibitnm
794 807 835 855 est
850 818 905 874 per
926 799 1088 873 capitulum
1108 800 1204 857 Extra
1227 801 1263 860 de

52 879 192 937 secundos
212 880 336 955 nnptiis,
359 900 396 936 ne
419 879 575 938 benedictio
599 878 685 937 detnr
710 879 745 936 in
767 879 903 936 sec-andis
923 880 1046 953 reseptiis,
1069 881 1148 955 qaod
1173 881 1262 940 ctiam

55 967 179 1016 notatur
199 960 297 1018 beotns
316 960 489 1018 Arisbrosias
508 960 561 1035 qni
580 959 643 1018 eit:
664 958 773 1016 Primsc
794 960 906 1034 nuptiae
920 979 938 1015 a
952 960 1083 1016 Domino
1102 967 1173 1017 sinit
1193 981 1261 1019 eon·

54 1039 172 1097 stitutae
182 1059 192 1111 3
215 1040 348 1098 secunda
359 1057 430 1098 vero
443 1040 599 1116 permissas.
643 1039 752 1097 Primae
766 1040 879 1115 nuptia
893 1040 947 1097 sub
962 1040 1043 1096 omni
1056 1042 1262 1100 benedictione

54 1119 245 1178 celebrantur
254 1141 264 1193 ;
284 1121 419 1180 secundas
433 1140 504 1178 vero
520 1126 623 1178 carent
642 1120 724 1177 omni
744 1120 955 1178 benedictione.
998 1120 1057 1178 Sed
1071 1122 1143 1196 qnia
1158 1122 1261 1196 pieres

52 1197 260 1260 benedictinus
280 1210 350 1260 sant
370 1202 405 1260 in
425 1200 539 1276 nuptiis
552 1200 734 1272 celebrandis,
756 1200 861 1259 scilicet
881 1201 915 1257 in
935 1201 1060 1259 introitn
1080 1201 1220 1274 Ecclesioe,
1235 1213 1263 1262 et

54 1299 144 1357 snper
151 1282 291 1358 palliam,
307 1291 408 1358 etpost
429 1283 557 1351 missam,
573 1290 599 1338 et
613 1302 700 1357 seeper
721 1281 837 1338 tboram
856 1281 891 1338 in
910 1302 979 1354 sero,
995 1302 1093 1357 necaro
1106 1303 1170 1357 ’μιν
1185 1284 1262 1343 bene·

55 1359 145 1420 dictio
158 1363 198 1420 sit
211 1363 349 1420 iterarnlc
362 1364 396 1420 in
409 1362 544 1420 secandis
556 1363 671 1437 reeiptiis
683 1370 709 1418 et
722 1383 787 1437 qnce
800 1381 867 1420 non.

115 1442 276 1501 Sciendum
289 1453 328 1501 est
341 1445 419 1518 qnod
432 1444 467 1500 ia
479 1442 534 1500 lene
549 1442 687 1500 Oratione
699 1463 764 1518 qsne
773 1442 815 1500 sic
828 1442 940 1518 incipit,
953 1443 1035 1500 Deus
1049 1443 1101 1519 qui
1114 1450 1261 1520 potestate

54 1522 178 1580 virtutis
190 1529 251 1580 tuse
266 1524 302 1581 ds
315 1523 409 1581 nihilo
423 1531 530 1580 cuncta
543 1523 647 1594 fecisti,
663 1522 716 1598 qui
729 1522 878 1599 dispositis
891 1524 1103 1594 universitatis,
1119 1535 1146 1582 et
1160 1534 1258 1598 cetero,

54 1612 111 1660 tres
123 1612 195 1661 snat
208 1604 414 1662 benedictiones
426 1603 533 1662 ibidem
547 1624 611 1678 qaoe
625 1604 702 1661 idem
714 1603 819 1661 babent
830 1604 1020 1678 principiam,
1037 1605 1150 1677 scilicet,
1162 1607 1243 1663 Deus
1249 1627 1258 1679 3

54 1684 153 1741 nentia
166 1694 265 1742 antem
278 1694 318 1742 est
332 1684 498 1755 omittenda,
510 1684 616 1742 scilicet
631 1684 697 1755 e'stn,
709 1684 791 1741 Deus
805 1685 856 1760 qui
871 1691 933 1741 tam
947 1684 1104 1741 excellenti
1120 1687 1260 1762 mysterio

54 1765 240 1840 conjugalem
253 1765 388 1841 copulam
406 1765 582 1822 consecrasti
602 1784 693 1839 asqne
714 1765 796 1821 Deus
817 1784 868 1841 per
889 1784 976 1840 quein
998 1766 1105 1821 mulier
1121 1768 1261 1842 jungitur

54 1844 119 1901 viro
133 1853 164 1903 et
177 1846 302 1903 societas
313 1845 517 1922 principaliter
536 1845 681 1918 ordinata,
697 1854 723 1902 et
737 1854 836 1917 cetero,
851 1846 923 1920 qm'o
936 1846 970 1903 in
990 1847 1049 1903 ista
1069 1847 1261 1906 bencdictione

53 1926 157 2000 abitur
169 1926 205 1984 de
218 1926 333 1983 nnitote
343 1925 455 1984 Obristi
468 1935 494 1983 et
508 1925 651 1997 Ecclesia,
667 1929 893 2001 qncoJipnratnr
906 1927 1047 2002 inprime
1061 1928 1258 2001 retrarimonio,

52 2026 114 2063 non
127 2015 226 2064 annm
240 2007 428 2065 insensato:
448 2007 527 2063 unde
537 2005 694 2082 Apostolos
705 2006 747 2064 nd
759 2006 927 2066 Corinthios
940 2007 983 2063 ait
995 2032 1005 2066 .·
1026 2009 1134 2079 Erunt,
1150 2009 1258 2084 inquit,

54 2086 114 2144 duo
128 2087 163 2144 in
176 2107 264 2145 carne
278 2107 338 2144 una
352 2108 359 2144 :
380 2096 404 2144 et
418 2086 470 2144 boo
487 2096 609 2145 notctnr
622 2088 752 2145 extende
771 2088 900 2161 bipamis,
918 2088 1053 2163 capitato,
1070 2089 1214 2145 Debitum
1229 2099 1260 2147 ct

53 2167 80 2226 si
101 2168 152 2224 vir
172 2167 262 2224 unius
281 2167 393 2224 uxoris.
436 2168 477 2224 Et
496 2167 548 2226 boc
563 2188 621 2244 pro
638 2168 736 2243 primo
757 2169 963 2227 arreeteimonios
990 2170 1039 2225 scd
1059 2170 1113 2243 qni
1133 2171 1260 2228 adbenrct

48 2246 191 2324 pluribus
203 2248 335 2306 dissolvit
354 2248 506 2319 unitatem,
521 2248 672 2323 celsoedns
685 2248 819 2318 nnitotis,
835 2256 859 2306 et
876 2249 936 2305 ideo
958 2249 1010 2305 illa
1026 2250 1260 2325 benedictioque

51 2328 156 2403 coitu-r
170 2328 205 2386 de
223 2329 346 2401 ienitate,
361 2328 474 2400 scilicet,
489 2329 572 2387 Deus
586 2329 639 2405 qui
656 2328 816 2386 excellenti
833 2330 974 2404 mysterio
992 2330 1176 2405 conjugalem
1194 2350 1260 2407 cop

51 2408 136 2466 iilam
155 2410 342 2480 consecrasti,
365 2418 392 2467 et
413 2419 512 2482 cete-rc,
526 2431 586 2467 reon
607 2410 720 2467 dicetne·
733 2410 767 2466 in
787 2409 921 2468 semendis
941 2410 1055 2483 nopotis
1067 2433 1076 2467 .·
1097 2420 1122 2466 ct
1147 2411 1197 2467 boo
1219 2421 1259 2469 est

52 2508 155 2547 esrum
168 2498 229 2547 tons
243 2490 352 2548 inviro
372 2489 485 2566 bepamo
506 2511 596 2565 qnam
615 2491 650 2548 in
670 2490 788 2548 rnnliere
810 2491 918 2547 eidnn:
932 2491 1004 2563 qaia
1025 2511 1092 2547 caro
1113 2491 1258 2549 benedicta

53 2570 147 2628 trabit
170 2571 211 2628 od
233 2590 262 2628 se
279 2591 398 2628 carnem
417 2591 477 2629 non
499 2569 693 2629 benedictam:
714 2572 763 2628 sed
785 2591 881 2628 omnes
902 2569 969 2625 abice
983 2570 1187 2629 benedictiones
1199 2572 1259 2629 sies

51 2651 198 2710 orationes
216 2651 316 2710 debent
336 2651 396 2710 dici
415 2652 619 2725 indifferenter,
634 2652 794 2710 seciendnm
814 2651 928 2709 neriam
942 2651 1107 2708 Rorsnenam
1122 2661 1148 2709 et
1162 2672 1258 2710 sceren-

51 2733 126 2790 dnm
154 2732 336 2790 IIostiensem
363 2740 389 2790 et
414 2732 555 2789 Tbomem
575 2734 610 2789 de
631 2733 750 2807 Aqnino
771 2741 797 2789 et
822 2731 1004 2789 ,librandam
1024 2732 1172 2789 (lectorem.
1215 2734 1256 2789 Et

51 2813 173 2888 qemtio
185 2813 244 2870 isto
258 2814 390 2871 discesso
404 2821 464 2870 erat
479 2822 505 2870 et
525 2814 717 2870 determinata
733 2813 764 2868 in
778 2833 859 2870 secero
868 2811 984 2887 prelatio
998 2813 1106 2883 Itonia,
1121 2821 1145 2869 ct
1161 2822 1256 2870 trans-

51 2893 116 2951 lato
141 2894 177 2950 in
203 2894 345 2969 tentiam
377 2913 434 2968 per
464 2894 639 2967 recepistrnm
665 2892 832 2950 dobannem
860 2893 1000 2967 llerpsted,
1026 2914 1106 2950 anim
1134 2893 1258 2951 Domini

50 2974 204 3032 millesimo
225 2975 325 3033 coemi.
338 2999 347 3033 :
368 2983 393 3031 et
408 2994 498 3031 cansa
518 2974 707 3032 discessionis
721 2983 791 3042 erat,
807 2975 878 3049 qaia
900 2973 1056 3031 rieidtitndo
1070 2974 1259 3031 Sacerdotem

51 3064 124 3113 tnnc
138 3057 273 3131 temporis
286 3056 327 3113 od
340 3055 434 3113 sedem
453 3054 650 3130 Apostolieam
670 3055 868 3127 concelerant,
883 3074 972 3112 carisa
986 3056 1121 3113 obtinent
1124 3056 1134 3112 i
1147 3055 1260 3114 absola-

50 3135 143 3194 tionis
156 3135 385 3211 beneficinmpro
400 3136 643 3194 benedictionibus
656 3135 690 3192 in
703 3137 838 3192 nectendis
847 3136 961 3210 rsrrptiis
974 3137 1126 3195 indiscrete
1137 3136 1255 3196 collatis.

49 3216 123 3275 Ideo
136 3235 225 3292 super
236 3216 288 3275 boc
301 3217 445 3274 stctnitnr
458 3217 625 3275 condit-atio
638 3237 722 3286 recen,
738 3237 802 3291 prece
815 3217 856 3274 sic
870 3217 975 3293 incipit
985 3243 994 3277 :

113 3296 335 3355 Consertationi
349 3293 489 3374 antiques,
504 3307 531 3354 et
545 3307 636 3356 cetero
649 3305 684 3354 nt
696 3315 798 3372 serpen,
813 3317 840 3373 p.
858 3299 904 3355 36.

113 3377 173 3436 Hic
194 3378 288 3452 qnoeri
306 3387 399 3454 potest
420 3377 656 3453 quarantenae
675 3378 787 3453 nuptiae
806 3398 867 3435 reon
887 3378 1098 3437 benedicenter.
1142 3379 1192 3436 dd
1205 3379 1257 3438 boo

48 3458 115 3517 dno
137 3458 219 3534 qseod
233 3458 394 3517 secundnm
407 3459 636 3525 matrimonium,
653 3459 787 3534 qeeenneis
806 3460 841 3515 in
860 3479 889 3517 se
909 3461 1122 3518 consceleratum
1137 3462 1176 3518 sit
1190 3481 1257 3535 per·

46 3538 158 3608 sectum
172 3547 394 3610 moranientnm,
410 3546 507 3597 terina
526 3540 560 3597 in
574 3539 676 3598 ordine
690 3541 730 3596 ad
739 3541 873 3616 primnm
887 3551 1100 3598 sacramentnm
1115 3542 1257 3599 coresider·

46 3629 143 3694 Mam,
159 3620 278 3696 aliquid
298 3619 381 3677 babet
394 3619 536 3691 delectione
555 3621 823 3696 scommaticum
837 3641 898 3678 non
911 3621 992 3678 berebet
1010 3621 1130 3696 plenam
1142 3621 1256 3694 sinnid-

47 3701 212 3761 eationem:
233 3721 300 3760 enas
323 3720 384 3757 neore
410 3700 449 3757 sit
476 3719 539 3758 nno
566 3722 632 3759 caro
659 3702 735 3758 sicat
759 3711 799 3757 cst
823 3702 858 3757 ia
881 3701 1069 3758 assertrimonio
1095 3700 1207 3758 Christi
1230 3710 1257 3759 et

31 3782 203 3843 'Emissae'
223 3791 249 3841 et
273 3783 388 3840 ratione
410 3781 499 3856 bnjns
521 3784 655 3858 desectus,
679 3783 835 3840 benedictio
857 3802 876 3839 a
897 3782 1032 3838 seczonlis
1055 3781 1169 3855 scriptiis
1191 3783 1254 3839 sob-

46 3863 186 3922 traicitur.
221 3862 280 3922 Sed
292 3862 344 3921 boc
357 3870 398 3920 est
407 3862 629 3938 intellipcndnm
642 3863 760 3938 qacsndo
774 3863 905 3920 secretales
915 3861 1027 3935 neptim
1041 3869 1109 3916 snm
1124 3862 1256 3918 secrantes

46 3965 83 4006 es:
99 3952 187 4023 parte
208 3943 269 4002 oiri
291 3953 318 4003 et
339 3963 373 4002 en
395 3952 480 4021 porte
501 3943 634 4002 assalieris
658 3952 780 4002 tardam.
828 3942 864 3999 Si
890 3941 968 3998 caim
995 3941 1075 4014 sirpo
1104 3941 1257 3998 caretrabnt

110 4182 127 4214 ³
148 4183 464 4242 MS.—“Notondnm
492 4192 532 4241 est
555 4191 654 4240 antem
674 4181 754 4258 osred
779 4180 939 4239 inhibitam
966 4189 1004 4236 est
1021 4198 1075 4256 per
1095 4179 1258 4254 capitatam

46 4264 246 4343 capellanum
264 4272 291 4323 et
311 4264 475 4341 capit-idam
492 4263 552 4320 Vir
569 4270 679 4333 autem,
698 4263 795 4319 Ecetra
813 4263 848 4319 de
869 4260 1003 4319 secandis
1024 4260 1138 4336 ‘streptii's
1159 4268 1185 4319 et
1201 4281 1259 4337 per

45 4346 207 4405 Decretum
225 4344 462 4420 monosticon
481 4344 550 4403 Hac
568 4343 709 4415 oratione,
729 4362 764 4400 ne
784 4341 938 4400 bendictio
960 4342 1046 4399 ‹letecr
1066 4341 1101 4400 in
1124 4341 1258 4400 semendis

45 4424 190 4505 nuptiis,''
205 4433 231 4483 et
245 4433 345 4484 cetera.
