2768 4852
261 282 756 374 Maowoodononsarlm.
1027 305 1109 370 101*

71 469 161 529 iversi
173 468 289 547 generis
308 478 483 530 ornaments
495 470 533 529 sd
546 470 661 530 onltum
677 477 709 530 et
722 470 856 529 dworem
875 466 1060 528 tubernaculi
1078 473 1111 528 et

81 549 146 608 fieri
159 548 336 608 decrevisti:
359 551 468 609 exaudi
481 550 626 628 propitius
639 570 738 628 preces
751 557 875 624 nostres,
891 555 923 609 et
935 548 1035 608 omnis
1046 546 1110 608 heo

71 649 89 686 n
113 630 277 706 specierum
296 637 470 689 ornamenta
490 631 524 688 in
544 650 632 689 usum
651 631 778 689 besilieae
798 636 859 688 tuae
878 629 927 688 vel
944 628 1056 703 altaris,
1069 626 1110 687 od

71 715 92 768 >t
103 709 231 786 glorium
243 715 328 768 tunm
346 716 519 788 preparate,
534 708 745 790 pnriffliioore,
760 708 988 790 bensffltlioere,
1002 708 1110 767 suncti·

71 796 154 866 ttque
178 787 394 869 eonseffeorere
425 790 575 868 digneris:
608 796 644 848 ut
669 790 780 848 divinis
806 790 936 849 cultibus
961 788 1111 868 morisque

78 875 150 946 epte
169 875 201 927 et
223 869 378 928 benedicte
399 870 540 944 existent,
562 875 652 947 utque
680 869 910 929 confectionibus
929 868 1058 947 eorporis
1077 871 1110 927 et

71 949 196 1008 Domini
207 949 304 1009 nostri
315 950 391 1009 Jssn
405 950 518 1009 Christi
537 949 634 1029 dignis
653 956 777 1028 pereunt
796 949 995 1009 ismrssstibus
1048 945 1109 1020 Qui

71 1117 216 1186 erueretur
228 1129 309 1186 aquo
322 1108 477 1170 bmedieto.

318 1314 513 1375 annnrouo
533 1331 700 1375 merosus.

71 1445 163 1503 orium
176 1450 321 1519 nostrum,
335 1452 362 1505 st
375 1451 474 1505 temo.

71 1545 102 1583 rs.
151 1524 262 1585 Oratio.
456 1543 459 1547 ’

71 1604 144 1679 rdet,
155 1605 293 1677 Domine,
304 1604 401 1664 virtus
409 1603 539 1683 Spiritus
549 1602 652 1663 Sancti
658 1621 747 1681 super
755 1602 836 1662 huno
848 1603 965 1673 librum,
975 1602 1029 1682 qui
1039 1620 1107 1662 eum

71 1705 78 1741 ι
91 1685 227 1762 purificet
237 1690 268 1743 et
280 1684 436 1743 benedieet
446 1690 535 1762 etque
548 1683 720 1759 sanetifieet,
729 1689 761 1743 et
773 1683 907 1743 omnium
916 1683 950 1742 in
962 1702 997 1743 eo
1009 1682 1022 1742 l
1095 1718 1107 1730 ι

71 1771 164 1823 tenter
183 1765 270 1824 eorde
300 1763 459 1836 illuminet,
481 1769 512 1822 et
532 1782 637 1823 verum
656 1763 841 1823 intellectum
860 1765 984 1838 tribuet,
1076 1767 1109 1823 st

71 1845 99 1902 lo
119 1852 172 1903 tun
191 1851 337 1923 praeospte
356 1863 529 1921 conservare
548 1849 580 1902 et
598 1842 721 1922 implere
739 1843 900 1904 seeundum
921 1845 1107 1904 voluntatem

71 1925 240 2001 soporibus
253 1923 400 1983 eoncedet.
444 1924 504 1982 Per
516 1922 688 1984 Dominum.

71 2014 216 2080 eruantur
227 2024 309 2081 aquo
323 2004 476 2063 benedicto.

333 2216 524 2277 Bersumno
546 2233 724 2277 rnunmunr.

71 2343 171 2417 orium,
185 2352 212 2404 ot
225 2352 324 2404 cetero.
366 2345 500 2405 Oremuu
543 2345 654 2407 Oratio.

71 2443 96 2482 re
110 2424 200 2496 Deus,
211 2425 265 2500 qui
277 2425 350 2484 dum
363 2424 439 2485 filios
452 2425 545 2485 Israel
558 2428 592 2485 in
604 2426 720 2485 deserto
733 2429 951 2484 murmurantes
965 2424 1002 2481 ob
1011 2422 1103 2484 rebel-

80 2504 234 2563 audeoism
246 2505 355 2564 durum
369 2512 500 2565 vastumt
517 2506 694 2580 incendium,
710 2506 815 2564 Aaron
827 2504 1007 2563 sacerdotem
1019 2509 1106 2564 tuum

73 2584 257 2723 iffi
267 2585 421 2724 Ἥ·
430 2582 1105 2746 ἵξὶῗέἕᾛιᾟΐὸοἶῗιῗᾞιᾝῗ

71 2683 98 2801 ξι
116 2750 232 2820 preste,
247 2684 422 2820 Quoties
436 2745 518 2804 ineo
535 2686 919 2819 thuec’gdolebitnu'rotum
938 2708 1041 2820 riopuli
1060 2742 1107 2802 tui

71 2824 216 2883 seffieiss.
259 2824 319 2882 Per
332 2825 502 2884 Dominum.

335 3030 526 3093 Bnrnnrorro
549 3035 678 3093 fremet

71 3159 170 3232 orium,
186 3167 324 3219 eleutero.
368 3161 501 3220 Oremue.
545 3162 656 3222 Oratio.

71 3259 97 3297 re
107 3240 190 3298 Deus
201 3240 395 3318 omnipotens,
405 3243 454 3300 oui
467 3248 546 3300 estet
556 3244 703 3302 exereitus
710 3244 882 3321 angelorum
891 3262 959 3303 oum
969 3248 1104 3315 tremore,

71 3319 201 3377 ervisium
218 3321 372 3398 spirituale
392 3327 423 3379 et
442 3322 561 3398 igneum
574 3342 637 3381 esee
655 3324 860 3400 cognoscitur3
879 3323 1000 3401 dignare
1020 3324 1108 3400 respi-

71 3397 205 3478 ›11dioere
225 3407 256 3458 et
275 3399 498 3481 senotivlniiosre
518 3402 594 3461 huno
614 3410 779 3463 creaturam
798 3403 932 3478 ineensi;
951 3412 986 3463 ut
1006 3421 1108 3463 omnes

74 3486 247 3557 cunctaeque
259 3481 374 3539 insidiae
387 3482 502 3540 inimici
521 3482 640 3541 odorem
660 3484 723 3560 ejus
736 3485 896 3543 sentientes
909 3484 1061 3560 effugient,
1076 3487 1108 3542 et

71 3579 109 3618 rs
122 3560 265 3636 plasmate
279 3567 332 3619 tuo
345 3562 424 3639 quod
437 3563 565 3638 pretioso
578 3564 720 3641 sunguine
733 3563 893 3634 redemisti,
905 3569 941 3622 ut
953 3580 1107 3639 nunquam

71 3658 83 3697 r
96 3659 196 3699 morsu
209 3641 329 3719 antiqui
340 3642 493 3720 serpentis.
536 3641 596 3703 Per
605 3642 769 3702 Dominum
781 3648 924 3703 nostrum.

304 3846 497 3908 Brunnromo
518 3861 711 3906 consessus.

71 3978 163 4036 orium
176 3984 312 4036 nostrum
325 3978 358 4035 in
371 3978 492 4037 nomine
506 3976 637 4036 Domini.

83 4059 153 4116 fecit
167 4059 272 4117 eaelum
285 4064 317 4116 et
329 4065 448 4118 terrum

71 4158 101 4196 tu
145 4137 255 4197 Oratio.

71 4217 204 4276 ntissime
231 4218 322 4289 Deus,
350 4217 435 4294 eujus
461 4215 627 4275 inerrabilis
653 4221 699 4274 est
724 4213 829 4285 virtus,
854 4211 938 4289 eujus
969 4208 1110 4288 mysterio

71 4297 184 4356 lreoulis
204 4297 390 4357 eelebmntur
400 4315 409 4369 3
429 4295 529 4354 tribus
549 4314 724 4372 quaesumus,
739 4299 775 4352 ut
794 4294 849 4351 hoo
868 4291 1030 4351 linteamen
1049 4297 1110 4350 tuor

71 4379 129 4437 >nis
146 4378 353 4437 benedictione
370 4373 578 4448 sanctificetur,
593 4380 625 4433 et
637 4375 676 4433 sd
689 4372 917 4434 consecrandum
934 4391 1022 4451 super
1034 4369 1110 4431 illud
