2768 4852
266 340 355 408 Ordo
375 340 423 408 cd
450 341 674 409 Visitundnm
694 340 891 431 infimum.

486 615 673 672 Assonurrc.

71 797 105 855 io
120 795 281 868 dissolutio,
297 794 326 853 si
342 793 483 870 infirmus
500 813 562 852 non
581 792 683 852 babeat
700 791 812 851 bullam
827 791 1025 868 Apostolicam
1043 795 1079 853 dc
1090 794 1182 872 plena

71 894 150 953 tione
162 902 191 953 et
204 892 372 952 censesne
380 900 574 967 pcccatomns.

71 1007 183 1065 >minus
196 1007 219 1065 J
219 1025 287 1065 esus
300 1005 446 1077 Christum,
463 1006 516 1081 qui
528 1004 609 1062 dixit
624 1006 713 1062 beato
733 1002 825 1062 Petro
845 1005 1009 1083 ceterisque
1029 1005 1183 1083 discipulis

71 1104 264 1181 Quodcunque
283 1102 449 1180 ligaveritis
469 1121 558 1178 super
578 1108 696 1173 terrum,
712 1100 771 1159 erit
790 1100 916 1178 ligatum
936 1110 968 1160 et
988 1103 1020 1160 in
1034 1103 1113 1161 caelis
1122 1124 1131 1176 ;
1151 1108 1190 1161 et.

71 1219 170 1276 unque
183 1198 333 1257 solveritis
346 1217 436 1275 super
448 1204 568 1269 terrum,
579 1196 638 1254 erit
651 1195 784 1254 solutum
798 1197 874 1254 etin
888 1198 985 1270 caelis3
1004 1199 1067 1274 ipse
1077 1205 1118 1269 te,
1129 1198 1168 1256 N.
1171 1241 1181 1271 ,

71 1302 107 1355 ut
131 1296 170 1355 sb
191 1295 329 1354 omnibus
355 1295 484 1373 peccatis
510 1293 582 1364 tuis,
603 1312 787 1369 quaecunque
814 1294 1000 1370 cogitatione,
1023 1295 1181 1368 locutione,

71 1393 153 1466 ione,
182 1391 368 1469 negligenter
393 1390 498 1469 egisti;
531 1394 623 1466 stque
650 1408 669 1448 s
695 1389 822 1447 nexibus
849 1398 1036 1465 peccatorum
1060 1398 1183 1449 tuorum

71 1497 142 1547 ,tum
161 1488 324 1566 perducere
343 1487 486 1564 dignetur
505 1485 543 1544 cd
564 1504 656 1561 regna
676 1485 822 1544 caelcrum.
866 1487 926 1556 Qui
940 1488 1018 1545 vivit
1035 1496 1066 1544 et
1079 1492 1184 1563 regnet

71 1589 120 1645 >eo
136 1586 226 1644 Patre
238 1586 272 1642 in
284 1584 403 1643 unitate
423 1583 555 1661 Spiritus
574 1583 678 1642 Sancti
698 1582 781 1641 Deus
796 1602 850 1660 per
863 1585 963 1641 omnia
975 1584 1083 1642 saecula
1096 1603 1184 1643 succu-

70 1731 76 1744 .
120 1684 231 1742 Amen.

71 1796 145 1858 ulio.
190 1795 326 1855 Oremus

71 1913 117 1952 cus
128 1891 305 1963 misericors,
319 1893 402 1951 Deus
416 1890 552 1965 clemens,
567 1889 621 1967 qui
636 1889 799 1949 secundum
819 1891 1045 1949 multitudinem
1066 1891 1184 1949 misere·

71 2012 87 2049 u
101 1996 225 2078 tuarum
237 1994 357 2066 peccata
371 2008 425 2066 per
434 1987 640 2065 paenitentiam
654 1987 741 2059 deles,
754 1995 786 2046 et
795 1989 1013 2065 prseteritornm
1023 1989 1183 2047 criminum

84 2087 177 2146 venia
189 2086 370 2143 remissionis
383 2104 526 2156 evacuas3
546 2083 659 2161 respice
671 2104 762 2162 super
774 2083 855 2143 hunc
868 2086 1013 2144 famulum
1028 2093 1116 2144 tuum
1130 2083 1165 2142 N
1163 2121 1182 2153 .,

71 2184 220 2243 issionem
232 2182 291 2240 sibi
311 2181 445 2239 omnium
464 2187 653 2257 peccatorum
673 2201 795 2240 suorum
808 2189 873 2241 tote
886 2184 982 2241 cordis
1002 2182 1184 2240 confessione

71 2287 142 2340 stem
165 2279 338 2356 deprecatus
360 2278 487 2336 exaudi:
514 2296 625 2335 renova
646 2278 679 2335 in
700 2298 743 2351 eo,
764 2279 896 2356 piissime
918 2279 1018 2350 Pater,
1041 2278 1183 2355 quicquid

71 2383 135 2435 tate
154 2381 328 2453 corruptum
348 2374 397 2432 vel
417 2373 561 2450 quicquid
580 2373 725 2432 diabolica
744 2375 849 2432 fraude
869 2375 1009 2432 vitiatum
1030 2382 1085 2446 est,
1100 2379 1131 2430 et
1150 2374 1184 2430 in

71 2494 90 2532 e
111 2473 243 2550 corporis
263 2471 392 2530 ecclesie
414 2479 473 2529 tuae
496 2472 662 2529 membrum
685 2478 824 2548 percepta
851 2472 1022 2528 remissione
1050 2470 1182 2529 restitue.

71 2589 127 2643 ere,
136 2568 276 2640 Domine,
287 2569 454 2646 gemituum
463 2568 537 2645 ejus,
548 2567 687 2626 miserere
700 2568 900 2638 lacrimarum,
911 2573 942 2624 et
953 2586 1012 2623 non
1026 2567 1185 2625 habentem

71 2688 112 2726 sm
121 2667 182 2725 nisi
191 2668 225 2725 in
233 2674 288 2725 tua
298 2667 500 2724 misericordie
510 2667 547 2725 sd
558 2674 776 2725 sacramentum
790 2664 1037 2724 reconciliationis
1050 2665 1184 2723 admitte.

71 2765 202 2823 hristum
215 2764 381 2822 Dominum
394 2770 539 2825 nostrum.

71 2896 172 2938 emus.
216 2876 328 2936 Oratio.

71 2995 84 3033 s
111 2973 210 3047 nobis,
239 2992 416 3051 quaesumus,
438 2972 579 3045 Domine,
608 2972 689 3050 quod
717 2973 795 3031 sicut
818 2973 970 3050 publicani
993 2973 1130 3050 precibus
1153 2980 1186 3034 et

71 3075 154 3135 sione
174 3073 308 3151 piscatus
328 3092 368 3142 es,
383 3072 472 3129 itaet
487 3070 557 3129 huic
577 3071 690 3130 famulo
710 3077 764 3130 tuo
785 3073 908 3149 placare,
924 3074 1062 3145 Domine,
1077 3081 1108 3131 ct
1120 3093 1185 3150 pre-

75 3174 141 3250 ejus
159 3171 308 3248 benignus
326 3169 425 3247 aspira
434 3191 443 3242 ;
463 3176 499 3227 ut
518 3169 551 3226 in
565 3169 747 3228 consessione
766 3170 860 3247 fle—bssi
878 3192 1054 3250 permanens
1067 3180 1098 3231 et
1111 3173 1185 3249 peti·

71 3267 739 3350 Qain-sericordian-ccleriter
752 3275 864 3340 exoret,
879 3272 1026 3347 sacrisque
1039 3272 1185 3329 altaribus

71 3374 130 3426 itus
141 3365 247 3424 divino
259 3383 362 3423 rursus
375 3363 534 3421 famulatui
543 3363 736 3440 mancipetur.
780 3364 839 3423 Per
854 3364 1006 3424 Christum
1020 3366 1184 3424 Dominum

71 3482 118 3521 nm.
163 3462 271 3519 Amen.
689 3471 691 3474 ⁴

71 3594 171 3637 emus
216 3574 328 3634 Oratio

71 3672 232 3751 unipotens
255 3671 435 3748 sempiterne
460 3670 552 3742 Deus,
578 3669 632 3746 qui
659 3689 712 3747 per
735 3670 881 3730 Jecobum
909 3673 1075 3749 apostolum
1097 3681 1184 3733 tuum

71 3772 275 3851 presbyteros
293 3769 423 3828 ecclesia
436 3775 467 3827 et
483 3787 595 3845 ungere
616 3767 681 3827 oleo
702 3767 835 3828 infirmos
856 3772 1023 3847 precepisti
1032 3792 1041 3844 ;
1066 3780 1184 3847 presta,

71 3888 151 3943 mus,
165 3873 202 3927 ut
215 3867 347 3946 digneris
365 3887 420 3945 per
438 3886 545 3924 manus
564 3872 681 3924 nostras
695 3865 774 3925 hunc
787 3866 933 3926 famulum
947 3875 1034 3924 tuum
1049 3867 1088 3924 N.
1104 3870 1185 3926 intir-

71 3970 105 4029 do
117 3968 185 4029 olco
201 3967 386 4026 sanctificato
399 3984 510 4042 ungere
523 3971 555 4023 et
568 3962 797 4044 beueffldicere.
840 3966 909 4022 Hoc
922 3972 1024 4022 antem
1038 3965 1116 4040 quod
1130 3984 1186 4024 nos

71 4086 104 4126 us
115 4070 172 4124 tun
184 4064 345 4123 carissime
358 4062 591 4140 complectimur,
603 4062 659 4119 hoc
669 4063 796 4119 interius
809 4061 1006 4138 spiritualiter
1019 4068 1071 4118 tna
1082 4061 1186 4120 divina

77 4184 114 4225 sc
123 4162 321 4223 invisibiliter
331 4169 385 4221 tua
395 4160 572 4239 malagmata
582 4164 750 4238 operentur.
788 4160 846 4217 Per
856 4158 1008 4217 Christum
1019 4160 1186 4219 Dominum

71 4282 118 4323 un.
161 4262 273 4321 Amen.
