2768 4852
167 358 230 419 ιιι
538 351 791 451 semotim
814 351 996 420 emaus.

418 586 609 644 annmcrro
629 602 727 644 suern
747 585 903 644 Burrsun
925 601 963 642 nr
984 584 1121 642 Cissus.

228 718 311 776 Deus
332 718 424 776 Peter
445 718 640 795 omnipotens,
655 724 765 791 aeterne
787 717 879 788 Deus,
892 717 914 776 J
916 736 969 775 esu
983 716 1044 773 Fili
1057 714 1127 788 Dei,
1144 722 1306 792 rogamust

166 815 286 874 mittere
299 815 429 893 digneris
442 816 678 874 benedictionem
692 822 776 874 tuam
790 821 821 874 et
834 815 1011 873 medicinam
1032 813 1181 872 caelestcm
1194 818 1225 871 et
1239 813 1306 870 divir

167 914 381 989 protectionem
401 932 489 990 super
509 913 565 971 hoc
586 913 728 989 butyrum
746 912 794 971 vel
815 932 939 986 caseum,
954 917 991 969 ut
1004 910 1141 989 proficiat
1153 911 1192 969 ad
1204 910 1306 969 salutes

166 1010 204 1067 ad
218 1012 431 1087 protectionem
444 1017 549 1068 contra
568 1029 669 1069 omnes
689 1010 880 1087 aegritudines
900 1029 1057 1086 corporum
1070 1009 1119 1068 vel
1134 1009 1266 1067 omnium
1278 1028 1306 1065 m

167 1107 289 1166 brorum
302 1110 384 1165 intus
396 1107 445 1166 vel
459 1107 530 1166 foris
544 1108 682 1166 omnibus
695 1107 776 1165 istud
790 1107 983 1165 sumentibus.
1026 1106 1086 1164 Per
1100 1106 1272 1165 Dominum.

318 1305 511 1363 BENEDIOE'IO
531 1320 628 1363 SUPER
649 1321 751 1363 Porus!
771 1320 1022 1374 Qustnuouuoun
1041 1320 1105 1360 VEL
1124 1320 1230 1362 mucor.

230 1438 368 1510 Domino,
389 1443 490 1496 sancte
504 1438 604 1511 Pater,
627 1438 814 1514 omnipotens
835 1443 944 1495 aeterne
965 1438 1057 1511 Deus,
1073 1439 1129 1516 qui
1152 1436 1248 1496 fecisti
1267 1436 1306 1493 cae]

169 1544 200 1593 et
213 1541 333 1607 terram,
348 1554 430 1592 mare
447 1542 478 1593 et
500 1534 601 1593 omnia
621 1555 687 1610 quae
709 1535 741 1592 in
763 1535 806 1593 eis
826 1542 913 1606 sunt;
934 1542 1049 1612 rogote
1070 1542 1104 1594 et
1124 1540 1195 1612 peto
1208 1536 1241 1592 in
1254 1553 1306 1593 non

167 1634 190 1691 J
191 1653 243 1691 esu
257 1631 370 1691 Ohristi
389 1632 550 1708 Unigeniti
571 1632 643 1689 Filii
655 1633 711 1705 tui,
726 1638 761 1689 ut
774 1632 957 1690 sanctificare
980 1632 1113 1709 digneris
1137 1631 1259 1708 epulum
1279 1631 1306 1688 ist

169 1731 247 1788 siout
270 1729 450 1787 benedixisti
473 1729 673 1806 epulationem
696 1729 837 1801 Abrahae,
853 1729 937 1786 Isaac
958 1735 990 1787 et
1010 1729 1118 1801 Jacob,
1138 1735 1170 1788 et
1194 1727 1306 1787 sicutb

167 1826 274 1885 dixisti
287 1846 339 1883 sex
352 1827 472 1903 hydrias
494 1827 527 1883 in
549 1826 632 1884 (lana
645 1824 785 1898 Galilaeae,
799 1827 874 1883 etin
888 1826 993 1883 vinum
1015 1827 1129 1884 bonum
1142 1843 1306 1884 conversas

168 1923 204 1980 de
218 1942 295 1998 equa
305 1944 314 1995 5
333 1924 377 1981 its
396 1928 536 1982 converte
556 1923 711 1980 materiam
730 1923 862 1981 cervisiae
884 1923 916 1980 in
936 1923 1117 1982 suavitatem
1141 1929 1173 1980 et
1193 1922 1306 1979 hilarite

169 2019 262 2076 servis
285 2020 346 2077 tuis
373 2021 425 2097 qui
446 2021 479 2078 in
499 2020 556 2079 fido
580 2020 724 2078 catholice
744 2020 942 2078 crediderunt.
991 2019 1050 2077 Per
1071 2019 1201 2078 eundem
1222 2019 1306 2078 chus

171 2114 336 2173 Dominum
348 2123 492 2175 nostrum.

502 2279 694 2336 Bnunnrcrro
715 2295 757 2335 sn
779 2279 898 2337 Dorus
919 2279 1048 2337 Novas.

227 2408 352 2479 Adesto,
381 2409 518 2481 Domine,
541 2408 805 2485 supplicationibus
832 2409 997 2480 nostriset
1020 2410 1100 2467 hanc
1114 2410 1239 2468 domum
1263 2427 1306 2466 seu

168 2504 259 2562 oculis
280 2511 339 2561 tuoe
364 2504 484 2581 pietatis
503 2505 629 2577 illustra,
645 2511 676 2563 et
696 2505 854 2564 descendat
877 2525 965 2582 super
989 2506 1164 2565 habitantes
1177 2508 1211 2565 in
1224 2527 1258 2565 ea
1268 2524 1306 2582 gn

170 2606 229 2658 tuae
244 2602 326 2677 larga
346 2602 520 2673 benedictio,
537 2602 616 2659 utin
638 2602 684 2659 his
704 2602 881 2661 manufactis
905 2603 1083 2661 habitaculis
1108 2624 1177 2661 cum
1201 2603 1306 2663 salubri

170 2706 321 2754 manontes
335 2699 391 2774 ipsi
406 2704 492 2755 tuum
506 2718 621 2774 semper
635 2699 696 2755 sint
710 2698 918 2756 habitaculum.
964 2701 1022 2756 Per
1037 2701 1213 2758 Dominum.

574 2885 764 2941 Bsusnrorro
787 2902 818 2941 nu
840 2901 973 2942 nosses.

168 2997 171 3005 ⁵
232 3013 401 3089 Multiplica
419 3035 581 3091 supernos,
597 3015 733 3085 Domine,
750 3016 979 3072 misericordiam
994 3023 1086 3083 tuam,
1103 3022 1133 3073 et
1147 3036 1246 3094 preces
1258 3027 1306 3073 nos

169 3111 315 3185 propitius
351 3113 491 3169 exaudire
523 3112 662 3188 digneris,
690 3113 768 3169 sicut
802 3113 949 3169 exaudisti
983 3112 1131 3170 famulum
1160 3120 1246 3170 tuum
1272 3128 1306 3184 rc!

170 3205 278 3278 David,
301 3209 353 3283 qui
378 3215 407 3265 te
431 3209 463 3264 in
487 3228 555 3265 area
579 3209 689 3265 hostias
713 3209 861 3266 offerendo
885 3209 1023 3285 placavit,
1046 3210 1122 3266 iram
1147 3211 1263 3280 avertit,
1275 3208 1306 3263 iu

169 3305 299 3377 gentiam
313 3307 503 3382 impetravit3
516 3308 560 3362 ita
571 3307 680 3377 veniat,
694 3325 871 3381 qurcsumus,
883 3314 1005 3382 speratus
1016 3307 1233 3365 benedictionis
1246 3307 1306 3363 uber

169 3406 204 3456 ut
229 3404 333 3478 repleti
357 3404 490 3478 frugibus
514 3403 573 3459 tuis
596 3403 632 3460 de
656 3409 709 3459 tua
732 3404 933 3462 misericordia
956 3424 1071 3482 semper
1095 3404 1262 3482 gloriemur.
1301 3398 1306 3455 l

170 3497 334 3556 Dominum
347 3508 484 3557 nostrum
497 3500 519 3558 J
521 3520 603 3557 esum
618 3500 777 3558 Christum.

452 3685 643 3742 Bnuunrcmo
663 3702 705 3743 sn
726 3703 825 3745 ouum
846 3705 915 3756 oum
936 3705 1093 3749 vonumus.

230 3814 367 3884 Benedic,
393 3813 530 3884 Domine,
557 3821 722 3872 creaturam
750 3815 839 3874 istam
862 3816 913 3890 N,
935 3824 971 3875 ut
995 3819 1036 3876 sit
1060 3822 1226 3880 remedium
1246 3819 1306 3878 silut

169 3913 270 3988 generi
290 3914 428 3981 humano,
444 3917 475 3968 et
490 3917 599 3986 praesta
621 3931 673 3987 por
693 3913 910 3971 invocationem
935 3916 1063 3974 nominis
1087 3918 1144 3990 tui,
1161 3927 1197 3978 ut
1211 3919 1306 3996 quicunt

169 4028 208 4065 ex
221 4030 256 4067 oa
269 4009 456 4084 sumpserint,
473 4009 602 4083 corporis
616 4009 774 4067 sanitotom
789 4017 820 4068 et
833 4012 940 4070 animoe
954 4013 1078 4071 tutelam
1099 4018 1268 4095 percipiant
1297 4006 1306 4063 l

170 4105 334 4163 Dominum
347 4113 483 4165 nostrum
497 4106 609 4164 Josum.

520 4283 711 4344 Bnuunrcrro
732 4287 822 4344 Sume
843 4305 881 4345 nr
901 4289 1025 4348 Onnum.

230 4411 312 4470 Deus
333 4413 397 4470 oaeli
410 4418 557 4491 terresque
571 4415 746 4487 dominator,
763 4417 815 4491 qui
836 4417 889 4474 dus
910 4436 1006 4475 escam
1026 4421 1109 4477 omni
1131 4403 1306 4487 carnietiffltl
