2768 4852
88 314 151 376 100
492 306 695 374 Icabumatio
715 305 886 394 Defuacti.

147 492 331 551 Intellexisti
344 492 538 571 cogitationes
547 509 627 548 meas
637 489 673 548 de
683 489 787 568 longo:
808 490 947 550 semitam
959 510 1067 566 msam,
1083 497 1116 551 et
1129 492 1298 551 fumiculum

90 609 189 647 mcum
203 589 398 668 investigasti.

150 687 190 744 Et
204 706 305 745 omnes
318 688 382 744 vias
396 705 476 744 meas
488 685 670 763 praevidisti:
690 683 762 761 quia
774 704 835 743 non
848 691 895 744 est
908 704 1004 745 sermo
1017 687 1051 744 in
1065 687 1172 765 lingua
1186 707 1259 746 mea

150 783 234 855 Ecce,
245 783 381 855 Domine,
394 789 428 840 tu
439 781 604 859 cognovisti
613 781 714 840 omnia
723 781 893 856 novissima,
905 789 937 840 et
946 783 1090 861 antiqua:
1111 790 1150 842 tn
1163 784 1295 842 formasti

90 899 144 952 sne,
160 884 192 936 et
204 880 329 956 posuisti
342 899 430 956 super
443 898 490 936 me
504 898 625 937 manum
639 885 730 937 tuam.

151 976 300 1034 Mirabilis
320 976 398 1033 facta
418 982 463 1033 est
483 975 607 1034 scientia
619 979 673 1032 tua
685 995 725 1033 ex
738 995 802 1035 me:
824 977 989 1035 confortata
1002 984 1057 1049 est,
1072 983 1103 1036 et
1117 997 1179 1036 non
1193 984 1293 1055 potero

89 1069 126 1126 ad
141 1088 214 1127 eam.

152 1167 220 1236 Quo
234 1166 283 1223 ibo
297 1186 315 1223 a
328 1166 436 1242 spiritu
450 1167 523 1223 tuot
542 1172 573 1224 ct
586 1185 646 1244 quo
659 1185 677 1223 a
689 1166 764 1224 facie
777 1171 831 1223 tua
843 1165 980 1243 fugiami

151 1264 183 1320 Si
209 1263 366 1322 ascendero
393 1263 426 1320 in
449 1262 563 1333 calum,
589 1269 625 1320 tu
648 1262 785 1322 illices:
816 1263 842 1320 si
864 1263 1042 1323 descendero
1071 1265 1104 1322 in
1133 1263 1288 1333 infernum,

91 1358 167 1415 tides.

153 1455 185 1512 Si
213 1472 364 1530 sumpsero
398 1472 510 1529 pennas
543 1472 623 1512 meas
649 1452 790 1525 diluculo,
818 1459 849 1512 at
882 1453 1058 1513 habitavero
1091 1453 1126 1511 in
1155 1454 1289 1512 extremis

96 1567 203 1604 rrrarrs:

154 1643 275 1701 Etenim
288 1643 359 1700 illuc
373 1661 478 1699 manus
490 1646 545 1699 tua
558 1642 684 1708 deducet
697 1662 761 1700 me:
781 1648 812 1701 et
826 1643 942 1702 tenebit
954 1662 1002 1701 me
1015 1643 1142 1701 dextera
1155 1650 1214 1702 tua

153 1741 195 1798 Et
218 1740 299 1797 dixi:
331 1740 470 1797 Forsitan
494 1739 622 1796 tenebras
647 1740 861 1799 conculcabunt
884 1759 952 1799 me:
978 1746 1010 1799 et
1028 1760 1092 1799 nox
1115 1740 1287 1798 illummatio

94 1857 158 1896 nica
171 1838 204 1894 in
217 1837 329 1894 deliciis
342 1837 423 1896 meis.

154 1934 233 2004 Quia
256 1935 386 1991 tenebra
406 1953 467 1991 non
488 1934 725 1992 obscurabuntur
742 1954 760 1992 a
777 1940 817 2006 te,
835 1940 866 1993 et
882 1953 944 1992 nox
964 1935 1043 1992 sicut
1063 1934 1127 1993 dies
1148 1933 1283 1992 illumina·

94 2032 193 2089 bitur:
213 2031 290 2087 sicut
304 2030 432 2087 tenebrae
447 2031 519 2107 ejus,
534 2030 578 2089 its
591 2037 623 2089 et
636 2030 736 2089 lumen
750 2033 822 2107 ejus.

154 2127 232 2198 Quia
245 2133 280 2184 tu
294 2127 449 2202 possedisti
462 2147 547 2186 renes
560 2147 657 2186 meos:
679 2127 833 2205 suscepisti
847 2148 894 2185 me
907 2128 944 2187 de
957 2133 1044 2187 utero
1058 2130 1164 2187 matris
1177 2147 1251 2186 meae.

154 2224 325 2282 confitebor
338 2224 396 2281 tibi
408 2225 480 2300 quia
492 2225 667 2282 terribiliter
680 2225 886 2302 magnificatus
899 2245 930 2283 es
943 2246 950 2283 :
971 2225 1120 2284 mirabilia
1133 2245 1219 2303 opera
1230 2230 1291 2291 tus,

94 2331 124 2380 et
138 2321 238 2380 anima
251 2340 317 2379 mes
330 2321 480 2398 cognoscit
492 2321 590 2379 nimis.

156 2421 227 2478 Non
248 2426 293 2477 est
313 2418 495 2477 occultatum
513 2439 545 2477 os
566 2440 664 2478 meum
679 2439 697 2477 a
710 2427 749 2492 te,
763 2421 842 2496 quod
862 2419 961 2478 iecisti
980 2419 1013 2477 in
1032 2419 1166 2479 occulto:
1186 2423 1215 2476 et
1229 2416 1309 2474 sub-

96 2519 208 2577 stantia
221 2538 286 2576 mea
300 2517 331 2573 in
345 2517 535 2575 inferioribus
549 2524 644 2576 terrae.

157 2615 367 2692 imperfectum
389 2633 487 2671 meum
508 2614 651 2671 viderunt
668 2614 746 2672 oculi
763 2614 819 2685 tui,
833 2620 865 2672 et
881 2614 913 2671 in
931 2614 1008 2671 libro
1022 2622 1076 2673 tuo
1089 2633 1190 2673 omnes
1209 2610 1322 2670 scriir

97 2719 203 2770 entur:
226 2712 287 2768 dies
301 2711 517 2781 formabuntur,
534 2717 564 2767 et
578 2729 664 2767 nenio
679 2711 711 2766 in
725 2711 773 2768 eis.

157 2811 237 2867 Mihi
261 2817 361 2866 autem
382 2810 471 2865 nimis
493 2809 678 2866 honorificati
699 2816 769 2867 sunt
789 2809 876 2866 amici
891 2809 946 2882 tui,
962 2808 1061 2866 Deus:
1085 2808 1174 2865 nimis
1187 2803 1322 2864 confor‘

97 2916 178 2965 tatus
192 2916 235 2966 est
250 2909 433 2984 principatus
447 2924 557 2964 eorum.

157 3005 361 3062 Dinumerabo
380 3023 437 3075 eos,
461 3010 491 3059 et
510 3021 599 3079 super
618 3021 740 3059 arenam
763 3002 1061 3077 multiplicabuntur:
1087 3001 1243 3072 exsurrexi,
1259 2994 1321 3053 et

96 3103 192 3160 adhuc
207 3123 272 3159 sum
286 3109 392 3160 tecum.

159 3199 191 3255 Si
206 3200 353 3270 occideris
370 3199 460 3269 Deus,
475 3202 657 3273 peccatores:
678 3196 738 3253 viri
750 3197 938 3274 sanguinum,
954 3195 1100 3253 declinate
1113 3217 1131 3253 a
1145 3214 1208 3253 me:

159 3296 237 3366 Quia
252 3297 350 3355 dicitis
363 3298 396 3353 in
411 3294 605 3370 cogitatione:
628 3293 772 3370 accipient
786 3295 819 3350 in
831 3294 964 3351 vanitate
978 3293 1116 3352 civitates
1128 3299 1200 3351 tuas

160 3394 269 3452 Nonne
297 3395 350 3470 qui
370 3393 496 3450 oderunt
518 3398 557 3462 tc,
580 3390 716 3462 Domine,
741 3391 878 3449 oderam:
909 3395 941 3447 et
963 3408 1053 3467 super
1076 3391 1209 3448 inimicos
1229 3387 1314 3442 tuo3

100 3491 301 3547 tabescebamt

161 3586 298 3644 Perfecto
312 3587 379 3644 odio
394 3588 512 3643 oderam
527 3587 609 3643 iilos:
631 3590 662 3642 ct
675 3584 791 3643 inimici
803 3585 876 3643 iacti
889 3589 960 3642 sunt
973 3583 1056 3642 mihi.

161 3682 260 3740 Proba
286 3702 333 3740 mo
361 3682 451 3755 Deus,
477 3689 508 3739 et
531 3683 605 3739 seito
629 3701 679 3738 cor
705 3702 822 3742 meum:
853 3683 1003 3760 interroga
1026 3700 1083 3754 me,
1110 3688 1141 3740 et
1164 3678 1313 3756 cognosffi

99 3782 219 3840 semitas
233 3802 319 3840 meas.

161 3880 202 3936 Et
216 3881 292 3952 vido,
308 3880 334 3938 si
348 3881 398 3938 via
411 3879 580 3957 iniquitatis
593 3880 625 3938 in
638 3899 686 3938 mc
700 3887 763 3938 est:
784 3886 815 3937 et
827 3880 922 3938 deduc
935 3894 983 3935 me
996 3875 1029 3933 in
1043 3875 1094 3933 via
1107 3881 1221 3934 aeterna.

162 3977 309 4053 Requiem
322 3983 471 4034 eternam.

161 4111 339 4187 Antiphone.

99 4189 1318 4356 Q

172 4378 219 4435 De
247 4387 363 4439 ter-ra
409 4384 610 4459 pias-mesti
644 4406 691 4445 me
724 4393 755 4445 et
788 4407 901 4447 car-ne
938 4387 1184 4447 in·du·is·ti
1211 4397 1258 4447 me,
