2768 4852
382 370 471 440 Ordo
492 370 540 437 ad
553 369 721 458 faciendo
741 369 933 459 Sportaaliu.
1220 381 1261 442 29

109 553 249 612 Oremus

109 649 312 726 Omnipotens
331 650 510 728 sempiterne
524 650 615 722 Deus,
629 650 682 727 qui
702 651 813 728 primos
833 656 971 727 parentes
990 659 1106 713 nostros
1122 655 1219 715 Adam
1234 666 1266 717 et

25 744 149 805 Evam
168 765 224 805 sue
239 747 354 806 virtute
373 747 486 805 creavit
503 765 615 823 auoque
633 746 838 805 benedictione
856 749 1060 823 sanctificavit,
1080 757 1111 808 et
1129 752 1163 809 in
1175 755 1264 813 socie.-

22 846 112 903 tate
136 842 250 902 amoris
270 842 422 922 copulavit
433 862 443 916 ;
473 844 537 920 ipae
560 843 649 902 corda
673 850 704 901 et
723 862 847 920 corpora
870 851 971 902 vestra
994 845 1205 926 sanctifflficet
1233 861 1263 908 et

22 939 265 1021 beneffidicat
284 949 375 1019 atque
392 942 425 1000 in
444 942 616 1000 societatem
634 947 666 1000 et
679 961 809 1000 amorem
824 962 900 1000 verro
915 944 1081 1004 dilectionis
1094 948 1262 1027 conjungat.

30 1036 108 1099 Per
123 1037 282 1097 Christum
295 1038 461 1098 Dominum
473 1044 619 1098 nostrum.
662 1039 771 1097 Amen.

108 1135 283 1212 Finithpue
306 1137 489 1197 orationibus
503 1137 664 1214 predictis,
679 1138 912 1214 introductisque
931 1139 993 1198 illia
1011 1140 1088 1200 inter
1107 1143 1226 1204 eliorum
1239 1158 1265 1204 et

34 1232 147 1293 altare
161 1252 197 1292 er
204 1243 292 1310 parte
304 1234 433 1293 australi
442 1234 586 1306 Eccleciae,
599 1243 625 1293 et
638 1243 750 1293 statuta
765 1235 884 1294 niuliere
897 1237 938 1295 od
951 1237 1098 1298 decinam
1111 1242 1180 1315 eiii,
1195 1243 1267 1301 ioci-

34 1329 158 1409 piatar
170 1329 269 1389 Missa
280 1330 455 1390 sollemniter
468 1331 504 1391 de
519 1331 673 1390 Frinitota

14 1444 20 1453 ·
114 1426 261 1503 Officium.
1016 1451 1020 1459 ’

112 1524 279 1584 Benedicta
291 1525 333 1584 sit
345 1532 450 1585 sancte
463 1525 596 1584 Trinitas
608 1532 700 1602 atque
713 1525 844 1583 indivisa
857 1527 973 1589 unitas:
1006 1532 1214 1592 confitebimur
1228 1536 1265 1608 ei,

12 1626 31 1699 ᾗ
50 1622 125 1701 quia
136 1622 211 1682 fecit
225 1624 379 1683 nobiscum
391 1623 621 1683 misericordiam
636 1643 729 1682 auam.

113 1721 264 1780 Psalmis.
286 1722 503 1781 Benedicamus
517 1721 639 1780 Patrem
653 1728 684 1780 et
697 1721 809 1779 Filium
824 1742 891 1782 cum
906 1724 1014 1783 Sancto
1028 1725 1152 1803 Spiritu.

11 1994 33 2089 ἓ
136 2029 323 2103 ulo-ria
362 2045 396 2102 in
435 2044 618 2103 ex·cel-sis
657 2044 791 2102 De-o.

116 2199 160 2258 Et
176 2199 210 2256 in
230 2204 311 2256 terra
330 2218 391 2276 pax
410 2197 584 2257 hominibus
604 2199 689 2256 bonae
709 2198 884 2257 voluntatis.
928 2200 1098 2261 Laudamus
1118 2211 1157 2278 tc,
1174 2207 1268 2266 Bene-

10 2280 184 2355 lidicimus
217 2301 258 2368 te,
290 2294 463 2354 Adoramus
496 2301 537 2368 te,
567 2294 774 2353 Glorilicamus
808 2301 847 2353 tc.
905 2295 1026 2356 Gratim
1059 2301 1174 2377 agimus
1208 2306 1266 2363 tibi

53 2400 179 2473 propter
205 2412 344 2472 magnam
369 2393 496 2471 gloriam
523 2398 616 2465 tuam,
643 2393 772 2451 Domine
801 2384 892 2466 Deus,
919 2394 988 2451 Rex
1012 2397 1146 2470 coelestis,
1174 2401 1264 2471 Deus,

54 2481 151 2551 Peter
162 2492 359 2570 omnipotens.
407 2491 537 2550 Domine
550 2490 612 2548 Fili
625 2490 787 2567 unigenite,
803 2490 825 2548 J
827 2509 878 2546 esu
893 2489 1019 2560 Christe,
1031 2493 1159 2552 Domine
1174 2498 1266 2570 Deus,

21 2656 27 2665 Ι
55 2588 167 2666 Agrum
190 2587 258 2663 Dei,
280 2588 378 2646 Filius
402 2587 513 2662 Patris,
539 2587 600 2658 Qui
624 2586 705 2645 tollis
727 2592 849 2662 peccata
875 2586 991 2659 mundi,
1009 2588 1148 2647 miserere
1172 2595 1265 2653 nobis,

56 2686 119 2758 Qui
133 2685 215 2744 tollis
226 2693 347 2763 peccata
360 2686 474 2759 mundi,
490 2685 606 2762 suscipe
619 2684 855 2762 deprecationem
869 2690 1010 2742 nostram.
1063 2688 1123 2757 Qui
1135 2690 1217 2749 sedes
1230 2695 1269 2753 ad

10 2778 12 2783 ’
55 2783 212 2843 dexteram
232 2783 341 2856 Patris,
361 2783 500 2842 miserere
520 2782 614 2841 nobis.
658 2781 806 2852 Quoniam
825 2786 860 2839 tu
880 2780 959 2838 eolus
979 2790 1108 2856 sanctus,
1123 2787 1169 2845 Tu
1189 2790 1270 2848 solus

10 2894 12 2899 '
56 2880 215 2952 Dominus,
226 2881 273 2939 Tu
286 2881 366 2941 solus
374 2880 545 2953 altissimus,
557 2881 579 2939 J
580 2900 632 2939 esu
646 2880 774 2952 Christe,
785 2899 853 2938 cum
865 2877 974 2939 Sancto
989 2881 1113 2959 Spiritu,
1125 2885 1164 2943 In
1174 2888 1269 2965 gloria

57 2978 118 3039 Dei
131 2979 240 3046 Patris
283 2979 393 3039 Amen.

120 3077 233 3136 Oratio.

119 3173 320 3251 Omnipotens
335 3172 515 3251 sempiterne
534 3170 625 3243 Deus,
641 3170 695 3247 qui
711 3170 819 3228 dedisti
839 3172 925 3231 nobis
941 3173 1061 3232 famulis
1082 3177 1142 3235 tuis
1156 3179 1187 3235 in
1202 3199 1269 3239 con-

56 3270 185 3332 fessione
204 3290 283 3330 verse
303 3269 371 3328 fidei
394 3276 512 3328 aeternae
535 3267 693 3327 Trinitatis
714 3267 839 3345 gloriam
861 3288 1026 3346 agnoscere,
1042 3277 1072 3330 et
1088 3273 1121 3330 in
1135 3278 1270 3350 potentia

57 3369 225 3449 majestatis
244 3368 368 3429 adorare
388 3367 555 3440 unitatem
577 3385 754 3443 quaesumus,
770 3373 806 3422 ut
826 3367 958 3444 ejusdem
979 3368 1049 3427 fidei
1069 3370 1211 3431 firmitate
1231 3374 1273 3432 ab

57 3467 199 3527 cmm'bus
211 3484 328 3542 semper
340 3464 513 3523 muniamur
525 3462 665 3522 adversis.

119 3563 192 3622 Alio
207 3561 310 3622 Oratio
323 3561 377 3621 cuo
390 3580 455 3619 uiro
467 3560 656 3620 corwluaicuc.

120 3659 243 3719 Exaudi
261 3679 325 3732 nos,
341 3657 530 3736 omnipotens
553 3664 585 3715 ct
606 3655 772 3714 misericors
795 3656 885 3729 Deus,
900 3665 937 3717 ut
955 3658 1035 3737 quod
1056 3666 1157 3719 nostro
1171 3663 1271 3720 minis·

55 3764 161 3821 tratur
193 3757 298 3831 officio,
327 3761 382 3816 tua
414 3753 620 3814 benedictione
653 3752 754 3831 potius
788 3753 956 3832 impleatur.
1013 3754 1073 3813 Per
1107 3756 1270 3815 Dominum

57 3862 207 3918 nostrum.

121 3951 174 4012 Ad
187 3949 358 4013 Corinthios
370 3949 405 4028 (l
422 3949 459 4008 vi
477 3946 593 4026 15-20).

121 4049 262 4109 Fratres:
293 4047 425 4106 Nescitis
449 4045 590 4124 quoniam
618 4063 738 4122 corpora
762 4050 861 4102 vestra
887 4043 1018 4099 membra
1043 4050 1114 4101 sunt
1139 4043 1252 4103 Christi
1261 4048 1275 4105 l*

58 4145 181 4207 'Follcns
194 4164 264 4224 ergo
283 4144 416 4203 memhra
437 4142 559 4216 Christi,
571 4142 678 4200 faciam
698 4142 831 4200 membra
852 4139 1036 4198 meretricisl
1075 4141 1174 4200 Absit.
1215 4143 1268 4200 An

60 4242 184 4304 nescitis
202 4241 345 4321 quoniam
364 4239 418 4318 qui
437 4239 570 4298 adhaeret
589 4237 739 4297 meretrici
758 4256 851 4295 unum
865 4254 971 4313 corpus
984 4236 1129 4296 efficitur?
1169 4238 1270 4297 Erunt

60 4337 153 4414 emm,
168 4337 278 4416 inquit,
291 4337 352 4396 duo
365 4336 399 4394 in
411 4352 499 4395 carne
512 4352 582 4392 una
625 4333 685 4404 Qui
705 4338 806 4391 autem
823 4331 955 4391 adhaeret
968 4332 1041 4407 Deo,
1056 4353 1134 4393 unus
1147 4336 1270 4413 spiritua

61 4442 117 4497 est
160 4434 270 4514 Fugite
282 4431 517 4492 fornicationem.
560 4429 657 4488 Omne
670 4435 831 4506 peccatum,
847 4428 1043 4506 quodcunque
1056 4430 1159 4490 fecerit
1171 4432 1270 4503 homo,
