2768 4852
347 345 693 415 Manualeadasam
707 347 845 413 Sanam.
1139 347 1198 413 27·

39 513 187 574 Oremus.
231 513 341 574 Oratio.

41 595 144 667 Deus,
166 595 220 671 qui
239 595 278 653 ad
299 595 392 654 vitam
412 595 496 654 ducis
515 601 548 654 et
566 594 748 653 confidentes
768 595 800 652 in
823 601 854 652 te
873 600 997 671 paterna
1016 592 1201 670 protectione

10 675 143 747 stadim
168 694 345 752 quaesumus,
361 682 393 733 et
411 677 482 734 huic
494 676 634 752 praesenti
647 675 759 732 famulo
776 681 830 732 tuo
842 674 885 732 N.
901 694 919 732 a
938 674 1024 733 nobis
1038 673 1202 749 egredienti

10 754 160 833 rgelicum
182 756 299 813 tribuas
326 757 510 830 comitatum,
535 762 571 814 ut
591 756 705 814 auxilio
728 762 782 814 tuo
810 761 960 832 protectus
986 754 1099 812 nullius
1126 752 1198 811 mali

10 836 182 895 mentiatur
200 835 366 908 formidine,
388 837 472 894 nullo
492 837 705 913 comprimatur
728 837 917 895 adversitatis
937 836 1087 913 languore,
1108 833 1200 891 nullis

10 916 134 975 ruentis
141 916 256 975 inimici
269 917 443 976 molestetur
452 917 588 990 insidiis3
606 917 657 975 sed
667 917 772 993 spatiis
785 917 940 975 necessarii
952 917 1068 974 itineris
1078 915 1198 992 proprio

10 1015 92 1055 ressu
113 998 251 1074 peractis,
273 998 459 1074 propriisque
480 998 552 1056 locis
572 997 729 1055 restitutus
745 998 904 1074 recipiatur
923 1017 1021 1074 sospes
1033 1016 1067 1054 sc
1084 995 1215 1075 debitas¹

10 1077 127 1135 :solvat
140 1077 255 1134 nomini
267 1084 321 1135 tuo
333 1078 452 1154 gratias.
494 1077 555 1136 Per
568 1077 720 1137 Christum
734 1078 899 1136 Dominum
913 1085 1056 1136 nostrum.

50 1157 187 1216 Cremna
232 1157 342 1216 Oratio.

51 1238 137 1296 Deus
150 1239 204 1316 qui
215 1238 408 1315 diligentibus
417 1245 457 1312 te,
472 1247 498 1297 et
512 1248 611 1311 ccmo,
627 1257 654 1314 p.
673 1239 739 1298 105.

51 1317 114 1378 Hic
133 1329 258 1394 saraam
271 1320 423 1395 peregrini
442 1340 462 1377 a
476 1320 682 1395 prostratione,
697 1329 723 1376 et
737 1320 883 1378 benedicat
902 1319 1042 1378 Sacerdos
1060 1341 1146 1396 peras
1170 1330 1197 1380 et

10 1399 107 1458 malco
119 1420 228 1473 eoram,
243 1400 341 1458 dicens
354 1422 364 1457 .·
384 1400 533 1458 Dominus
544 1400 705 1473 vobiscum,
720 1409 747 1458 et
761 1401 894 1458 Oramus.

52 1478 183 1539 Domine
195 1480 218 1539 J
219 1500 270 1538 esu
285 1481 411 1552 Christe,
423 1481 475 1558 qui
488 1480 633 1538 ineffabili
643 1488 697 1538 tua
709 1480 897 1538 miseratione
905 1500 939 1538 ac
953 1481 1052 1538 Patris
1062 1482 1196 1558 jussione

10 1560 180 1638 piritusque
201 1561 303 1619 Sancti
327 1561 531 1638 cooperatione
554 1561 591 1618 de
611 1561 682 1619 caelo
708 1561 883 1619 descendere
903 1561 1031 1632 voluisti,
1054 1581 1197 1640 ovemque

10 1640 138 1699 orditam
158 1642 303 1700 diabolica
322 1643 493 1700 seductione
511 1641 633 1700 voluisti
653 1661 792 1718 quarere,
810 1649 901 1718 atque
921 1642 1047 1718 propriis
1067 1643 1198 1703 humeris

10 1719 165 1780 doeleetis
178 1724 283 1799 patria
292 1743 410 1800 gregem
424 1722 532 1781 referre
541 1743 550 1796 ;
560 1723 678 1799 ,quique
688 1723 854 1799 praecepisti
868 1722 937 1781 filiis
951 1724 1054 1781 matris
1068 1725 1195 1784 ecclesia

10 1802 101 1860 tando
120 1809 229 1880 petere,
253 1804 455 1862 benevivendo
475 1823 615 1880 quarere,
636 1823 670 1862 ac
689 1804 833 1880 pulsando
847 1822 1042 1880 perseverare,
1057 1811 1091 1862 ut
1107 1807 1195 1864 citius

10 1882 125 1941 nvenire
139 1883 258 1942 valeant
278 1885 420 1942 salutaria
438 1885 561 1960 praemia
578 1885 669 1956 vitse3
690 1891 721 1942 te
738 1883 892 1942 humiliter
911 1885 1111 1960 imploramus,
1127 1907 1196 1963 qua·

10 1978 73 2021 nus
86 1964 295 2023 sanctificando
309 1964 530 2046 beneffldieere
543 1966 673 2042 digneris
694 1965 770 2022 hanc
783 1985 884 2041 peram
903 1971 933 2023 et
949 1966 1029 2023 hunc
1048 1966 1195 2038 baculum,
1281 1998 1284 2003 ·

10 2047 32 2101 t
55 2045 226 2122 quicunque
246 2065 312 2104 eam
332 2047 365 2103 in
385 2047 433 2103 tui
457 2046 587 2106 nominis
606 2065 705 2104 amore
725 2045 763 2102 ad
782 2047 878 2103 instar
897 2044 1020 2103 humilis
1039 2054 1196 2106 armatura

10 2126 80 2183 uteri
102 2145 156 2183 suo
177 2127 325 2203 applicare
347 2134 438 2204 atque
461 2128 536 2186 collo
557 2146 611 2185 suo
635 2127 820 2203 suspendere,
843 2126 905 2183 sive
925 2127 958 2183 in
978 2127 1115 2184 manibus
1135 2128 1197 2185 suis

10 2212 108 2264 estare
131 2207 288 2282 cupierint,
313 2208 414 2284 sicque
436 2207 650 2286 peregrinando
677 2207 817 2284 suffragia
840 2207 948 2265 humili
968 2207 1130 2265 comitante
1150 2208 1197 2266 de-

10 2285 112 2344 otione
134 2287 306 2345 studuerint
325 2308 464 2364 quarere,
485 2289 615 2347 dexterae
637 2295 695 2346 tuas
715 2288 843 2364 protecti
864 2289 1028 2346 munimine
1043 2289 1196 2365 pervenire

10 2373 164 2424 :creantur
181 2368 219 2424 ad
239 2368 347 2445 gaudia
363 2371 525 2426 mansionis
548 2376 665 2426 aetcrnae
676 2389 685 2440 ;
717 2369 776 2427 Per
788 2375 829 2441 tc,
843 2368 981 2428 Salvator
1001 2369 1114 2442 mundi,
1137 2369 1197 2440 Qui

10 2447 171 2585 wulpam
192 2455 222 2506 et
251 2448 367 2525 Spiritu
387 2450 496 2508 Sancto
515 2450 593 2507 vivis
614 2456 644 2507 et
664 2469 769 2527 regnas
789 2450 880 2524 Deua,
899 2469 952 2527 per
971 2451 1071 2509 omnia
1091 2451 1197 2509 saeeula

10 2542 50 2584 mc
80 2548 173 2588 orum.

55 2608 114 2666 Hic
141 2618 276 2686 aspergat
302 2630 412 2685 aquam
436 2610 611 2669 benedictam
637 2630 723 2686 snper
746 2630 833 2686 peras
859 2620 885 2668 et
912 2611 1035 2683 baculos,
1058 2622 1084 2670 et
1103 2621 1197 2688 potent

10 2686 118 2764 mantis
124 2691 291 2767 peregrinis
297 2711 403 2767 peram
422 2693 463 2750 ad
476 2691 581 2750 codam
594 2692 713 2751 dicem:

55 2769 94 2829 In
114 2771 235 2829 nomine
256 2771 380 2830 Domini
393 2772 487 2831 nostri
499 2772 521 2831 J
523 2792 574 2830 esu
588 2772 710 2844 Christi,
728 2773 826 2849 accipe
847 2770 922 2829 hanc
936 2792 1046 2849 peram,
1059 2773 1197 2831 habitum

10 2851 239 2928 teregrinationis
257 2858 327 2925 tuae,
348 2858 383 2910 ut
404 2854 479 2911 bene
494 2853 662 2930 castigatus,
683 2860 714 2911 et
738 2854 870 2911 salvatus
892 2855 1045 2929 pervenire
1060 2855 1198 2911 mercaris

10 2929 151 2989 rilimina
170 2939 349 3007 sanctorum,
365 2953 424 3009 quo
443 2953 563 3010 pergere
576 2935 678 3009 cupis,
698 2942 729 2992 et
749 2940 868 3011 peracto
888 2934 995 2992 itinere
1009 2941 1071 3005 tuo,
1086 2935 1124 2991 ad
1144 2954 1198 2992 nos

10 3013 151 3071 avertaris
164 3013 328 3072 incolumis.
370 3014 429 3072 Per
442 3013 567 3072 eundem
581 3014 753 3072 Dominum.

55 3093 169 3152 Deinde
183 3096 284 3152 tradat
296 3095 423 3170 mapalis
438 3115 537 3154 eoram
551 3095 686 3153 baculam
699 3096 744 3154 ita
757 3097 856 3154 dicem
866 3121 876 3155 :

55 3174 167 3252 Accipe
180 3175 319 3234 baculum
333 3176 558 3234 sustentationis
572 3176 688 3234 itineris
701 3196 735 3234 ae
749 3177 857 3235 laboris
871 3177 1115 3254 peregrinationis
1128 3185 1198 3250 tua,

9 3259 33 3311 rt
57 3254 213 3313 devincere
235 3257 333 3314 valeas
357 3276 458 3314 omnes
485 3264 616 3314 catervas
639 3257 754 3314 inimici
788 3265 820 3316 ct
843 3259 995 3334 pervenire
1016 3279 1134 3317 securus
1161 3258 1199 3317 ad

10 3333 98 3393 imina
111 3343 291 3409 sanctorum,
312 3356 371 3412 quo
383 3356 504 3414 pergere
518 3338 608 3412 cupis,
628 3344 659 3395 et
672 3345 791 3416 peracto
805 3339 978 3397 obedientias
993 3359 1080 3397 cursu
1093 3341 1131 3397 ad
1145 3360 1199 3398 nos

10 3417 153 3474 avertaris
166 3437 234 3475 cum
247 3417 362 3494 gaudio.
406 3418 465 3475 Per
479 3418 649 3475 Dominum.

55 3496 91 3556 Si
110 3517 176 3556 cero
196 3498 292 3573 aliqui
310 3518 410 3556 corum
424 3498 587 3575 profecturi
606 3508 674 3557 snm
696 3499 891 3571 Hierusalem,
908 3509 977 3557 tnnc
996 3499 1121 3559 babeant
1140 3500 1200 3576 ipsi

10 3585 81 3636 esus
94 3597 161 3635 acm
174 3598 256 3637 ciacc
269 3580 422 3654 abactam·
443 3588 469 3638 ct
483 3579 688 3639 benedicantur
700 3600 796 3639 cruces
808 3580 859 3639 boc
873 3581 958 3638 modo
971 3601 1039 3638 cnm
1053 3581 1199 3638 Dominus

10 3658 156 3716 yobiscum.
199 3658 332 3718 Oramus

56 3738 141 3797 Dens
167 3738 286 3798 invictae
312 3740 463 3818 potentiae,
490 3741 612 3818 pietatis
638 3741 799 3812 immensae,
826 3746 918 3816 atque
945 3739 1199 3817 peregrinantium

10 3820 89 3878 otius
109 3820 319 3881 consolationis
337 3822 494 3895 auxilium,
515 3824 569 3900 qui
588 3822 707 3880 famulis
731 3821 792 3879 tuis
811 3819 947 3878 victricia
969 3838 1052 3875 arma
1072 3818 1179 3876 tribuis
1190 3839 1199 3889 ς

10 3919 174 3976 praesumus,
194 3907 230 3958 ut
247 3901 301 3960 has
321 3922 421 3962 cruces
439 3903 553 3962 devotas
573 3902 753 3961 humilitatis
773 3898 993 3978 beneffldicere
1013 3898 1150 3974 digneris,
1166 3905 1202 3955 ut

10 3981 171 4041 ’enerandae
191 3983 286 4043 crucis
305 3985 458 4058 vexillum,
474 3986 559 4062 cujus
579 3984 612 4041 in
632 3983 674 4041 cis
694 3989 739 4040 est
759 3982 912 4057 designata
931 3980 1033 4055 figura,
1050 3979 1090 4035 sit
1110 3979 1202 4037 invic-

10 4063 146 4121 imimum
171 4064 263 4122 robur
295 4083 448 4124 servorum
473 4071 594 4123 tuorum
621 4070 724 4122 contra
750 4061 868 4138 antiqui
901 4059 996 4117 hostis
1022 4058 1202 4136 nequissima

10 4149 202 4216 entameuta;
226 4144 267 4202 sit
293 4145 327 4203 in
349 4146 401 4203 via
423 4145 555 4204 defensio
566 4166 576 4218 3
600 4145 642 4203 sit
667 4144 701 4200 in
728 4142 814 4199 domo
835 4141 1000 4219 protectio,
1020 4140 1061 4198 sit
1088 4139 1199 4218 ubique

10 4224 174 4284 raesidium.
217 4224 277 4285 Per
289 4227 459 4285 Dominum.

55 4304 118 4364 Hic
131 4315 305 4383 emergatur
314 4327 394 4384 aqna
407 4305 552 4365 benedicta
565 4323 653 4381 caper
664 4323 769 4375 cruca,
779 4309 806 4360 ct
814 4302 1033 4380 detersinpalr's
1037 4302 1203 4380 peregrinis

10 4388 35 4448 ie
43 4387 227 4466 projecturis
239 4388 323 4447 acetis
336 4408 403 4446 cam
417 4405 499 4446 eroco
512 4384 638 4459 narrata,
654 4385 764 4444 dicente
776 4381 929 4442 Sacerdote
940 4407 950 4444 :

56 4469 172 4546 Accipe
184 4468 395 4528 vestimentum
408 4484 494 4526 cruce
508 4463 641 4540 Domini,
655 4474 682 4525 et
696 4474 795 4536 cetera,
810 4482 839 4541 p.
855 4465 921 4524 105.
