2768 4852
369 325 714 393 Mosauoleadaaum
727 325 865 395 Sarum.
1167 329 1225 392 55·

71 491 134 551 ?er
147 491 312 571 gloriosam
331 493 576 552 mancationem
589 499 673 552 tuam
687 513 694 553 ε
714 492 809 552 libera
822 497 853 552 et
874 491 995 552 defende
1007 491 1138 550 animam
1151 493 1224 569 ejus,

71 591 157 631 une.

71 651 137 713 Par
149 651 358 712 admirabilem
375 652 574 713 ascensionem
593 658 694 712 tuam:
714 653 808 713 libcra
821 658 852 711 et
871 652 995 712 deiende
1007 653 1138 712 animam
1151 653 1224 729 ejus,

71 751 157 793 nne.

71 811 138 874 Per
159 813 324 872 adventum
346 812 447 871 Sancti
467 813 596 891 Spiritus
616 813 777 872 Paracliti:
798 813 934 873 liberast
954 813 1077 872 defende
1096 812 1226 872 animam

71 936 78 963 ‚
98 893 252 953 Domine.

71 971 139 1035 Per
161 974 401 1032 intercessionem
421 974 556 1033 omnium
577 974 754 1034 Sanctorum
773 980 895 1032 tuorum
909 995 916 1032 ε
940 974 1035 1032 libera
1054 979 1084 1032 et
1105 973 1228 1032 defende

71 1072 149 1114 nam
165 1054 239 1131 ejus,
255 1053 393 1114 Domine.

71 1133 115 1193 [n
130 1135 184 1192 die
193 1134 302 1211 judicii
315 1155 322 1192 :
343 1134 436 1192 libera
449 1140 480 1192 et
493 1133 618 1193 defends
631 1135 761 1192 animam
774 1136 847 1211 ejus,
863 1134 998 1194 Domine.

71 1211 264 1285 Peccatores,
279 1219 310 1271 tc
322 1233 459 1291 rogamus
472 1215 544 1272 audi
556 1234 617 1272 noa.

71 1292 125 1355 Ut
147 1294 281 1352 animam
293 1294 399 1351 famuli
418 1295 465 1352 tui
478 1288 711 1372 de'principibus
730 1295 928 1368 tenebrarum,
945 1301 976 1352 et
989 1294 1026 1352 de
1046 1294 1118 1353 locis
1131 1312 1226 1370 paena·

71 1416 76 1432 ,
91 1376 229 1434 liberare
242 1374 390 1450 digneris:

71 1453 117 1515 Te
131 1473 283 1532 rogamus,
297 1454 368 1512 audi
379 1474 443 1533 nos.

71 1534 125 1596 Ut
140 1554 210 1593 cam
222 1535 261 1592 ab
273 1535 435 1592 inferorum
448 1534 627 1594 cruciatibus
640 1535 765 1593 liberare
778 1534 925 1613 digneris:

71 1614 117 1675 Te
132 1633 282 1692 rogamus,
297 1615 368 1672 audi
380 1634 441 1674 nos.

71 1694 126 1757 Ut
140 1701 251 1754 maneta
264 1696 327 1771 ejus
340 1701 459 1771 peccata
471 1695 614 1754 oblivioni
632 1701 780 1773 perpetua}
793 1694 911 1753 tradere
925 1695 1071 1773 digneris:

71 1774 120 1836 Tc
134 1794 285 1853 rogamus,
299 1775 372 1833 audi
383 1794 445 1834 nos.

72 1856 128 1917 Ut
144 1857 174 1914 ei
188 1874 288 1913 omnes
300 1855 421 1914 lubricae
435 1855 612 1914 temeritatis
625 1856 749 1914 offensas
762 1855 912 1914 dimittere
925 1856 1071 1933 digneris=

72 1936 121 1996 Tc
136 1955 284 2012 rogamus,
298 1936 371 1993 audi
383 1955 444 1994 noa.

74 2015 128 2077 Ut
143 2016 253 2074 delicta
262 2017 431 2091 juventutis
445 2016 509 2093 ejus
522 2023 553 2075 et
566 2016 749 2094 ignorantias
762 2036 823 2075 non
837 2016 1051 2074 reminiscaris:

75 2096 122 2156 Te
137 2115 285 2173 rogamus,
299 2096 370 2154 audi
383 2115 444 2154 noa.

77 2176 129 2237 Ut
150 2176 293 2253 quicquid
312 2177 456 2234 vitiorum
475 2176 597 2235 fallente
617 2176 745 2247 diabolo,
767 2182 798 2235 et
817 2176 937 2254 propria
956 2175 1117 2251 iniquitate
1137 2179 1227 2250 atquc

71 2258 185 2333 gilitatc
198 2257 359 2326 contraxit,
375 2256 535 2315 elementer
547 2257 701 2335 indulgere
715 2257 862 2334 digneris:

81 2337 125 2396 Te
138 2356 286 2413 rogamus,
300 2337 371 2394 audi
383 2356 444 2396 nos.

81 2418 130 2478 Ut
144 2436 215 2476 eum
227 2417 260 2473 in
273 2417 354 2493 pacis
367 2436 401 2475 ac
414 2417 488 2475 lucis
502 2418 620 2494 regione
633 2417 813 2476 constituero
827 2416 957 2494 digneris
968 2437 974 2472 :

83 2498 126 2556 Te
139 2516 286 2574 rogamus,
301 2497 372 2555 audi
385 2517 446 2555 noa.

83 2577 132 2637 Ut
144 2578 174 2635 ei
186 2577 328 2654 gaudium
348 2585 379 2635 et
392 2578 607 2637 exultationem
620 2578 654 2635 in
675 2597 765 2655 regno
785 2584 847 2649 tuo,
863 2595 931 2635 cum
952 2574 1061 2633 sanctis
1075 2581 1105 2632 et
1125 2572 1227 2631 electis

71 2659 209 2717 edonare
222 2657 369 2735 digneris:

84 2738 127 2796 Te
139 2757 287 2815 rogamus,
303 2738 373 2795 audi
386 2757 447 2796 nos

84 2818 132 2877 Ut
144 2837 198 2876 noa
209 2818 351 2875 exaudire
363 2818 500 2894 digneris

83 2899 125 2958 Te
138 2917 284 2974 rogamus,
298 2898 369 2956 audi
382 2917 443 2957 nos.

84 2979 145 3036 lili
158 2977 218 3037 Dei
231 2999 237 3036 :

85 3059 128 3117 Te
139 3077 287 3135 rogamus,
300 3059 372 3115 audi
386 3077 447 3116 noa.

83 3140 192 3216 Agnus
206 3138 274 3210 Dei,
290 3139 342 3215 qui
354 3138 436 3196 tollis
449 3145 569 3215 peccata
581 3138 687 3196 mundi
700 3160 706 3195 :

86 3219 229 3277 Miserere
242 3219 348 3276 animes
363 3219 434 3295 ejus.

85 3299 204 3359 Christe
216 3299 310 3357 Jcsu:

84 3379 229 3438 Miserere
242 3379 349 3436 animae
362 3379 435 3455 ejus.

85 3462 194 3537 Agnus
208 3460 274 3528 Dei,
290 3460 342 3536 qui
355 3459 436 3517 tollis
449 3465 567 3535 peccata
580 3459 685 3516 mundi
697 3450 722 3517 ι’

83 3541 174 3598 Dona
193 3540 221 3598 ci
251 3559 362 3616 pacem,
384 3545 583 3615 aeternamque
603 3539 783 3613 felicitatem,
805 3547 836 3599 at
863 3541 988 3618 gloriam
1008 3540 1225 3617 sempiternam.

71 3640 134 3680 nen.
1061 3679 1063 3682 Α

83 3700 274 3759 Proficiscere
293 3700 394 3758 anima
408 3699 578 3758 Christiana
597 3699 702 3760 dehoc
715 3701 844 3759 mundo:
864 3700 897 3757 in
915 3699 1035 3757 nomina
1050 3697 1108 3755 Dei
1128 3696 1228 3754 Patris

71 3781 244 3859 nipctentis,
259 3781 313 3857 qui
326 3787 357 3839 te
370 3781 489 3839 creavit.
532 3781 640 3839 Amen

83 3863 124 3921 In
137 3863 256 3919 nomine
269 3861 291 3919 J
293 3881 344 3919 esu
359 3861 473 3921 Christi
485 3861 558 3919 Filii
567 3862 640 3937 ejus,
655 3861 707 3937 qui
720 3879 774 3937 pro
787 3866 818 3918 te
832 3876 934 3936 passus
948 3862 1000 3914 cst.
1043 3854 1151 3911 Arnen

82 3942 126 4001 In
138 3943 258 4000 nomine
272 3942 402 4019 Spiritus
415 3942 526 4016 Sancti,
540 3941 593 4018 qui
606 3941 637 3999 in
652 3947 683 3999 ta
696 3940 812 3998 infusus
825 3945 879 3997 est.
922 3937 1030 3994 Amen.

82 4022 127 4081 In
139 4024 259 4081 nomine
271 4022 457 4099 Angelorum
470 4028 501 4081 et
514 4021 774 4099 Archangelorum.
816 4019 924 4077 Amen.

83 4103 127 4162 In
139 4103 260 4161 nomine
272 4103 459 4161 Thronorum
473 4108 504 4161 et
518 4102 772 4160 Dominationum.
815 4100 924 4157 Arnen.

82 4183 126 4243 In
144 4183 266 4242 nomina
286 4182 514 4261 Principatuum
530 4188 562 4241 et
582 4182 770 4241 Potastatum
783 4185 814 4237 et
830 4177 965 4235 omnium
985 4171 1147 4232 caelestium
1160 4172 1229 4231 Vir·

71 4282 137 4324 um.
177 4264 286 4322 Amen

82 4344 126 4403 In
139 4344 260 4402 nomina
274 4342 426 4402 Cherubin
439 4348 471 4401 et
488 4341 641 4419 Seraphin.
684 4338 792 4396 Amen

82 4425 128 4486 In
140 4424 262 4483 nomina
276 4422 519 4482 Patriarcharum
532 4428 563 4479 at
577 4417 803 4495 Prophetarum.
844 4415 953 4475 Amen.
