2760 4860
105 979 298 1067 onno
357 979 449 1062 an
511 979 930 1065 sicinnnan
991 919 1315 1103 Aouingt-„v

441 1160 916 1246 nnnnniosan.

568 1377 768 1389 ——t-n-a

502 1516 701 1575 Exoaoisnns
720 1515 848 1586 Aeon*

124 1669 298 1728 Benedictio
311 1668 382 1727 cotie
395 1677 422 1727 et
436 1689 520 1744 aquae
533 1669 568 1727 in
581 1670 683 1729 diebus
696 1669 862 1728 Dominicis
867 1673 928 1745 fiat
941 1671 993 1730 hoc
1005 1673 1110 1732 modo:

311 1776 509 1851 Adjutorium
522 1781 659 1834 nostrum
672 1776 705 1832 in
718 1775 839 1834 nominc
853 1776 979 1834 Domini
992 1798 998 1835 :

353 1873 414 1942 Qui
427 1872 498 1930 iecit
511 1873 617 1930 caeium
631 1879 662 1931 et
676 1879 796 1930 temam.

312 1968 360 2027 Sit
372 1988 482 2027 nomeu
496 1969 623 2027 Domini
636 1969 827 2027 benedictum
841 1991 847 2028 :

351 2065 400 2122 Ex
414 2065 478 2135 hoc,
493 2084 583 2136 nime,
598 2071 629 2123 et
642 2085 737 2141 usque
751 2065 784 2123 in
798 2067 946 2126 saeculum.

125 2169 296 2229 Benedictio
309 2169 382 2228 eatis
394 2170 457 2227 eine
471 2169 604 2228 Oremns.

19 2258 42 2271 ’
124 2267 272 2326 Exoreizo
286 2274 325 2337 tc,
340 2272 477 2348 occatum
490 2265 568 2337 solis,
580 2285 633 2342 per
647 2265 744 2324 Deum
757 2265 798 2347 ᾧ
808 2268 922 2340 vivum,
936 2288 990 2345 pei·
1004 2269 1103 2327 Deum
1111 2268 1153 2350 ᾧ
1161 2289 1277 2343 verum,

16 2404 38 2417 ,
60 2384 117 2444 per
140 2361 448 2443 Deumfflsanctum,
473 2381 526 2439 per
549 2363 649 2421 Deum
673 2364 727 2439 qui
750 2370 781 2422 te
805 2384 858 2441 per
882 2365 1015 2423 Eliseum
1042 2367 1217 2443 prophetam
1244 2369 1277 2426 in

60 2479 174 2538 aquam
196 2461 279 2516 mitti
298 2459 399 2534 jussit,
414 2466 451 2515 ut
473 2464 628 2517 sanaretur
645 2459 789 2517 stem'litus
806 2480 911 2536 aqutn3
932 2467 968 2516 ut
990 2461 1125 2519 efficiaris
1148 2463 1200 2534 sal,
1216 2464 1276 2523 Hic

60 2557 202 2633 respiciat
224 2554 277 2628 cat,
304 2556 504 2613 exorcizatum
528 2555 561 2612 in
584 2556 712 2613 salutem
736 2556 929 2628 credentium,
959 2562 996 2612 ut
1018 2557 1059 2614 sis
1083 2557 1221 2616 omuibus
1244 2566 1274 2618 te

60 2653 253 2713 sumentibus
273 2653 384 2710 sanitas
405 2652 511 2708 animae
535 2658 566 2709 et
586 2651 716 2728 corporis
727 2672 736 2723 3
763 2658 795 2708 et
818 2652 942 2728 effugiat
966 2659 1055 2728 atque
1082 2652 1214 2711 discedat
1236 2656 1275 2712 ab

59 2769 96 2808 eo
120 2749 187 2806 loco
207 2768 267 2823 quo
291 2767 426 2823 aspersus
450 2747 541 2803 fueris
565 2747 661 2804 omnis
686 2747 847 2822 phantasia
864 2753 895 2804 et
918 2748 1053 2823 nequitia
1073 2749 1122 2806 vel
1143 2751 1274 2808 veisutia

60 2845 216 2902 diabolicae
237 2845 360 2914 fraudis,
376 2844 530 2918 omnisque
551 2843 674 2919 spiritus
695 2844 876 2916 immundus,
892 2845 1047 2920 adjuratus
1064 2865 1118 2921 per
1136 2867 1204 2904 eum
1222 2850 1273 2924 qui

59 2951 210 3001 venturus
223 2947 268 2998 est
278 2941 413 3016 judicare
428 2941 512 2997 vivos
527 2947 557 2996 et
570 2947 704 2997 mortuos
719 2948 749 2997 et
763 2944 902 2999 saccinum
916 2961 969 3018 per
983 2943 1089 3018 ignem.
1133 2945 1240 3003 Amen.

123 3040 262 3096 Oremus.

121 3137 306 3193 Immensum
320 3135 508 3192 clementiam
522 3141 616 3205 tuam,
628 3135 817 3211 omnipotens
832 3143 941 3193 atomo
952 3135 1043 3209 Deus,
1057 3139 1211 3197 humiliter
1225 3142 1277 3198 im-

58 3234 221 3312 ploramus,
237 3234 297 3290 Hic
317 3233 453 3308 respiciat
472 3232 614 3290 Sacerdos
635 3232 687 3304 soi,
705 3239 741 3289 ut
761 3233 837 3290 hano
859 3244 1025 3291 creaturam
1047 3237 1116 3292 salis
1135 3258 1224 3313 quam
1245 3241 1277 3295 in

60 3352 148 3390 usum
163 3330 266 3407 generi
280 3330 410 3387 humano
423 3330 565 3398 tribuisti,
579 3328 799 3409 bencffldicere
813 3338 844 3388 et
858 3331 1091 3412 sanctifflfioaro
1102 3341 1154 3390 tua
1166 3337 1276 3410 pietata-

59 3428 200 3506 digneris‚
215 3434 251 3484 ut
265 3428 307 3483 sit
320 3427 457 3483 omnibus
472 3428 657 3484 sumentibus
671 3427 750 3483 salas
767 3430 876 3485 mentis
890 3437 920 3485 et
935 3431 1072 3505 eorporis
1089 3437 1120 3487 ot
1134 3433 1274 3506 quicquid

58 3545 97 3584 ex
118 3546 155 3584 eo
177 3533 292 3583 tactum
317 3525 365 3581 vel
386 3544 550 3599 respeisum
573 3525 671 3595 fuerit,
695 3532 793 3581 careat
815 3528 897 3581 omni
921 3527 1112 3583 immunditia
1135 3529 1274 3604 omnique

57 3625 285 3701 impugnatione
306 3622 469 3698 spiritualis
490 3622 639 3697 nequitiae.
684 3622 742 3679 Per
767 3622 918 3680 Christum
943 3625 1105 3681 Dominum
1126 3633 1269 3686 nostium.

59 3721 170 3778 Amen.
351 3719 354 3723 ’

118 3817 289 3874 Benedictio
303 3835 388 3891 aquic
401 3816 464 3873 sine
479 3815 613 3872 Oromus.

117 3913 265 3970 Exomizo
279 3918 316 3982 tc,
331 3919 466 3969 creatura
479 3931 572 3985 aquae,
589 3911 620 3967 in
634 3911 754 3969 nomine
768 3913 827 3969 Dei
838 3911 989 3992 ›14Patris
1003 3913 1224 3988 oumipotentis,
1240 3926 1272 3975 ot

55 4010 89 4067 in
103 4010 225 4068 nomine
239 4008 262 4066 J
263 4006 487 4087 esufflCinisti,
500 4008 571 4064 Filii
585 4008 657 4083 ejus,
674 4009 797 4067 Domini
811 4010 914 4082 nostri,
925 4017 956 4068 ot
970 4010 1002 4066 in
1013 4009 1125 4067 virtute
1140 4010 1270 4086 Spiritus

56 4104 218 4186 ›FSancti
243 4113 280 4163 ut
303 4106 357 4162 fias
380 4126 457 4182 aqua
481 4106 646 4163 exorcizata
672 4108 710 4165 ad
734 4107 920 4183 effugandam
945 4128 1062 4166 omnem
1090 4116 1267 4185 potestatem

55 4203 170 4263 inimici
181 4225 190 4278 ;
211 4209 244 4262 et
264 4203 362 4279 ipsum
381 4202 536 4263 inimicum
557 4205 703 4262 eradicare
724 4211 755 4262 et
775 4205 948 4279 explantare
962 4206 1061 4265 valeas
1074 4228 1142 4265 cum
1156 4211 1268 4286 angelis

278 4356 291 4382 ¹
307 4351 352 4403 seo
361 4357 413 4404 also
424 4361 437 4386 “
446 4357 513 4404 York
525 4356 631 4413 Missae
642 4356 742 4403 Surtces
753 4356 858 4416 Socicty,
868 4349 921 4402 vols
927 4357 951 4402 ii.
963 4372 987 4416 p.
999 4359 1047 4405 193.

649 4451 670 4490 A
