2768 4852
487 272 799 341 conmmeatum
819 271 1048 339 Mortuerum.

225 518 1315 593 ..ma

205 636 257 692 bes
290 668 300 677 ·
334 668 345 677 ·
375 652 426 691 co:
451 633 523 690 dum
550 632 743 690 ve·ne-ris
776 631 1032 707 ju·di-ee-1e‚
1066 632 1167 690 no-li
1229 652 1276 690 me

165 803 1001 978 Q

185 988 473 1046 con-dem·-ne
514 1019 525 1028 ·
569 1019 580 1029 ·
624 1005 663 1043 re.
783 985 942 1044 llo-do.

226 1135 324 1210 Kyrie
337 1133 463 1208 eleyson.
507 1132 626 1191 Christe
638 1132 765 1211 eleyson.
808 1133 905 1209 Kyrie
919 1133 1047 1210 eleyson.

226 1231 317 1288 Peter
331 1236 438 1287 nester.
481 1230 615 1287 Oremus

227 1327 317 1396 Deus,
332 1326 379 1382 cui
393 1324 493 1381 omnis
507 1325 624 1396 vivunt,
638 1330 670 1381 et
683 1325 731 1382 eui
745 1343 806 1381 non
819 1328 945 1400 pereunt
965 1323 1119 1382 moriendo
1133 1344 1257 1402 corpore
1269 1332 1356 1382 nestri

167 1424 217 1483 scd
241 1430 397 1480 mutantur
418 1422 451 1477 in
474 1421 588 1493 melius,
610 1427 641 1478 te
659 1421 806 1497 supplices
828 1419 1028 1495 deprecamur,
1050 1426 1086 1478 ut
1105 1421 1250 1498 quiequid
1271 1421 1358 1479 enim

166 1519 270 1577 famuli
292 1520 338 1576 tui
362 1519 503 1575 vitiorum
528 1523 646 1593 tuaeque
668 1516 819 1575 voluntati
841 1518 1032 1588 contrarium,
1054 1517 1179 1576 fallente
1201 1517 1315 1576 diabolo
1332 1522 1357 1572 et

166 1616 285 1692 propriu
308 1615 469 1689 iniquitate
492 1620 582 1690 utque
605 1614 776 1690 fragilitate,
797 1615 987 1683 contraxerit,
1006 1621 1042 1671 tu
1062 1613 1131 1691 pius
1152 1620 1184 1671 et
1208 1613 1356 1673 misericors

166 1711 269 1770 ablues
282 1711 470 1786 indulgendo,
487 1730 610 1786 cunique
630 1712 739 1787 suscipi
755 1713 860 1788 jubeas
873 1731 926 1787 per
940 1730 1045 1767 manus
1059 1716 1232 1768 sanctorum
1245 1707 1356 1787 Angclc

167 1827 234 1865 rum
256 1815 376 1864 tuorum
398 1806 598 1864 delueendam
618 1807 651 1863 in
671 1808 785 1865 sinibus
805 1808 1045 1865 Patriurehsrum
1072 1812 1196 1864 tuorum
1218 1805 1357 1865 Abnhm

167 1904 279 1963 scilicet
300 1903 386 1960 amici
401 1902 447 1958 tui
461 1912 491 1958 et
505 1901 588 1960 Isuuc
608 1904 695 1961 electi
715 1906 763 1961 tui
782 1911 873 1981 etque
886 1905 982 1961 Jacob
996 1903 1097 1961 dilecti
1110 1903 1169 1973 tui,
1183 1922 1244 1979 quo
1256 1902 1357 1979 aufugit

166 2001 250 2058 dolor
263 2007 293 2057 et
307 1999 431 2055 tristitia
444 2007 534 2074 utque
547 2000 717 2076 suspirium,
732 2001 864 2059 fidelium
878 2020 996 2077 quoque
1010 2000 1117 2058 enimse
1131 1999 1224 2076 plene
1235 1999 1356 2074 felicique

163 2097 348 2172 jocunditate
362 2096 511 2166 laetentur,
526 2103 561 2154 ut
574 2096 607 2152 in
620 2097 781 2155 novissimo
802 2099 901 2174 magni
918 2096 1025 2172 judicii
1046 2097 1095 2155 die
1114 2096 1198 2155 inter
1210 2098 1355 2155 mmet

167 2193 274 2250 eleetos
289 2198 354 2248 tues
368 2212 431 2248 eum
443 2192 531 2249 farcies
544 2198 693 2268 perpetuae
706 2193 807 2270 glories
820 2194 968 2269 percipere
983 2193 1160 2268 portionem,
1172 2212 1261 2268 quem
1271 2188 1355 2250 oculus

167 2308 228 2347 non
242 2288 319 2345 vidit
333 2309 385 2343 noc
399 2288 479 2344 oriris
493 2287 609 2344 audivit
621 2308 676 2345 nce
689 2289 721 2345 in
735 2308 785 2347 cor
798 2290 926 2346 hominis
939 2288 1082 2360 escendit,
1097 2308 1189 2364 quum
1201 2281 1354 2365 pmpnntfi

168 2385 359 2463 diligentibus
374 2392 410 2442 te.
441 2384 604 2441 l'roestunte
619 2384 749 2442 Domino
763 2391 865 2442 nostro
878 2385 899 2441 J
901 2404 952 2441 ceu
967 2384 1096 2458 Christo,
1110 2386 1165 2461 qui
1179 2390 1284 2444 tecum

229 2482 344 2558 Corpus
357 2482 519 2538 inveteretur
532 2481 604 2537 dum
617 2490 756 2540 cantetur
770 2482 998 2558 Responeoriiaeui
1008 2503 1018 2539 :

229 2579 299 2636 Heu
314 2578 397 2647 mihi,
414 2576 549 2645 Domine,
565 2584 713 2651 utsupra,
729 2597 756 2653 p.
775 2576 821 2636 74.

229 2675 326 2749 Kyric
341 2675 465 2747 eleyson.
510 2673 627 2730 Christe
641 2673 766 2748 eleyson.
812 2675 907 2750 Kyric
921 2673 1048 2749 eleyson.

228 2771 440 2827 Patcruostcr.
485 2771 617 2826 Orcmus.

229 2866 296 2935 Fac,
317 2885 493 2939 (prosumus,
509 2865 645 2935 Domine,
668 2866 743 2922 hanc
764 2885 831 2922 cum
854 2886 937 2922 servo
961 2873 1015 2921 tuo
1036 2865 1077 2922 N.
1099 2865 1239 2923 defuncto
1258 2858 1346 2921 miseri

169 2961 307 3031 cordium,
324 2971 358 3016 ut
373 2962 516 3016 lucturum
537 2979 657 3016 suorum
678 2960 711 3016 in
731 2963 823 3037 paenis
843 2982 902 3017 non
924 2962 1046 3037 recipiat
1060 2963 1163 3035 vicem,
1178 2962 1230 3038 qui
1244 2954 1346 3017 eumin

166 3057 245 3114 votis
270 3058 367 3112 tenuit
387 3058 586 3113 voluntatem:
612 3063 647 3113 ut
668 3058 743 3114 sicut
767 3059 815 3116 hic
834 3079 900 3115 cum
922 3079 991 3115 vern
1013 3059 1085 3116 fides
1106 3059 1212 3136 junxit
1234 3054 1343 3114 fidelium
1372 3030 1379 3053 ⁵

167 3153 282 3222 turmis,
297 3155 341 3209 itu
354 3174 420 3209 eum
436 3154 496 3208 illic
510 3161 563 3209 tuu
576 3154 725 3211 miseratio
739 3157 830 3213 societ
843 3156 983 3232 angelicis
997 3156 1101 3214 choris.
1146 3152 1343 3214 Petelinum

168 3249 331 3308 Dominum
347 3256 490 3305 nostrum.

228 3347 325 3421 Kyrie
339 3347 464 3421 eleyson.
508 3345 625 3402 Ohriste
639 3345 764 3420 eleyson.
809 3348 906 3424 Kyrie
919 3348 1045 3423 eleyson.

136 3472 145 3491 o
229 3442 289 3499 Ilio
302 3452 380 3515 repet
395 3443 611 3498 circumstantes
624 3461 708 3499 orare
717 3462 775 3516 pro
788 3463 839 3502 eo:

229 3537 319 3594 Peter
333 3546 439 3607 uester,
454 3538 515 3594 uiue
531 3545 606 3595 nota.
650 3538 691 3594 Et
704 3557 742 3595 ne
756 3558 816 3597 nos.

229 3633 374 3709 Requioru
390 3641 537 3690 ueternum.

230 3730 324 3787 Oredo
339 3730 447 3785 vilere.

229 3827 260 3883 A
274 3832 360 3902 portu
375 3824 469 3883 inferi.

229 3923 378 3980 Dominus
392 3921 550 3979 vobiscum.

229 4020 289 4077 Pro
302 4018 351 4075 See
360 4018 461 4073 entole.
505 4017 700 4093 Omnipotens
714 4019 890 4093 sempiterne
905 4018 996 4090 Deus,
1010 4018 1059 4076 cni
1073 4036 1235 4095 nunquam.

228 4117 289 4175 Pro
294 4115 416 4190 surrento
432 4114 539 4172 Oratio.
583 4114 709 4185 Incline,
725 4116 860 4173 Domine.

228 4210 419 4283 Presunuda
434 4210 543 4266 Oratio.
586 4211 770 4282 Quaesumus,
787 4212 923 4287 Domine,
939 4233 993 4289 pre
1007 4219 1061 4269 tua
1073 4209 1195 4288 pietate.

228 4301 288 4358 llic
301 4311 473 4377 aspernetur
486 4321 590 4377 corpus
604 4313 630 4362 et
644 4304 809 4364 incensetur
823 4314 864 4364 ter
877 4315 904 4363 et
917 4309 1054 4380 efferatur
1068 4306 1111 4367 ad
1122 4307 1312 4385 sepulchrum.
