2768 4852
427 323 622 392 Benedictio
639 324 765 393 Fontis.

196 495 319 580 [Sancte
331 499 354 559 J
354 499 448 560 udoee
460 522 467 560 ι
490 496 586 583 ora.]*
697 580 700 585 ⁴

194 595 304 655 Sancte
317 597 437 657 Antoni
451 619 458 658 ε
479 617 540 656 ora.

193 693 303 753 Sancte
316 694 475 754 Hilarion:
496 715 556 754 ora.

193 789 306 850 Omnes
319 792 415 850 sancti
430 791 636 852 Confossores:
660 801 751 852 orate.

192 888 305 948 Omnes
317 891 414 948 sandi
427 889 570 950 Monaehi
579 897 611 949 et
624 891 808 952 Heremitae:
830 899 920 952 orate.

193 985 304 1044 Sancta
317 986 498 1064 Magdalena
513 1007 519 1045 :
543 1007 602 1045 ora.

192 1081 304 1140 Sancta
318 1082 417 1141 Maria
431 1082 634 1161 AEgyptiaca:
656 1104 715 1143 ora.

193 1176 304 1237 Sancta
318 1179 479 1238 Felicitas:
501 1199 560 1238 ors.

193 1275 304 1334 Sancta
318 1275 489 1353 Perpetua:
509 1297 568 1335 ora.

192 1371 304 1431 Sancta
316 1373 441 1449 Agatha
456 1393 463 1431 :
487 1393 546 1432 ora.

192 1468 304 1527 Sancta
317 1469 410 1528 Lucia
423 1490 429 1528 ι
450 1489 510 1529 ora.

191 1564 303 1624 Sancta
315 1566 420 1642 Agnes
433 1587 440 1624 :
461 1585 521 1626 ora.

190 1661 300 1720 Sancta
315 1662 444 1721 Oeeilia:
465 1682 525 1722 ora.

190 1757 302 1817 Sancta
313 1758 476 1818 Anastasia
490 1779 497 1818 :
518 1779 578 1818 ora.

189 1853 300 1913 Sancta
314 1854 506 1914 Petronella:
527 1876 587 1914 ora.

189 1949 300 2010 Sancta
313 1952 486 2011 Katharina
499 1973 506 2011 :
527 1973 586 2011 ora.

189 2047 301 2107 Sancta
315 2048 506 2126 Margareta:
528 2069 585 2108 ora.

189 2143 298 2203 Sancta
312 2144 487 2204 Christina:
507 2165 566 2204 ora.

187 2240 298 2300 Sancto
311 2241 333 2300 J
334 2241 437 2300 uliana
450 2263 456 2300 :
477 2262 538 2301 ora.

188 2337 298 2398 Sancte
311 2339 494 2398 Scholastica
507 2362 514 2399 ι
536 2359 594 2398 ora.

151 2512 154 2516 Α
187 2436 298 2496 Sancta
312 2438 482 2498 Evcrildis:
504 2458 563 2496 cra.

187 2532 298 2593 Omnes
312 2540 421 2593 sanctae
437 2535 600 2612 Virgines:
625 2540 714 2591 orate.

188 2629 299 2689 Omnes
314 2631 417 2689 Sancti
432 2652 438 2690 :
459 2639 549 2689 orate.

185 2725 341 2804 Propitius
355 2734 438 2788 esto:
459 2748 546 2804 parce
559 2728 655 2799 nobis,
672 2726 809 2783 Domine.

184 2823 238 2881 Ab
251 2825 334 2882 omni
347 2825 426 2882 malo
440 2846 446 2883 :
467 2825 560 2882 libera
573 2845 636 2897 nos,
653 2824 790 2881 Domine.

184 2921 238 2979 Ab
251 2922 369 2980 insidiis
383 2923 495 2980 diaboli
509 2944 515 2980 :
537 2924 638 2980 libera.

184 3017 214 3076 A
227 3019 395 3077 carnalibus
409 3020 561 3077 desideriis
575 3041 580 3077 :
602 3020 702 3077 libera.

183 3115 237 3173 Ab
251 3117 389 3173 omnibus
403 3116 603 3173 immunditiis
617 3117 727 3173 montis
741 3121 772 3173 et
785 3117 915 3192 corporis
929 3138 935 3175 :
957 3119 1058 3179 libera.

182 3210 212 3269 A
225 3213 325 3270 subita
339 3218 370 3270 et
383 3219 495 3270 aetcma
508 3219 602 3270 morte
617 3234 623 3270 :
645 3213 744 3270 libera.

183 3307 243 3367 Per
256 3311 432 3385 mysterium
446 3317 555 3368 sanctae
570 3310 789 3367 incantationis
802 3315 863 3367 tuae
877 3332 883 3367 ε
905 3311 1006 3369 libem.

182 3405 242 3463 Per
256 3406 382 3465 Crucem
397 3414 427 3465 et
441 3406 613 3464 Passionem
627 3414 710 3464 tuam
726 3428 732 3464 :
753 3407 854 3464 libera.

181 3502 241 3560 Per
254 3512 386 3562 sanctam
401 3505 659 3562 Resurrectionem
672 3509 773 3561 tuam:
794 3505 895 3562 libera.

181 3598 241 3657 Per
254 3600 457 3659 admirabilem
472 3601 687 3659 Ascensionem
699 3607 781 3658 tuam
795 3621 801 3658 :
822 3601 923 3660 libera.

179 3695 239 3753 Per
252 3697 380 3773 gratiam
395 3697 498 3755 Sancti
512 3698 643 3774 Spiritus
657 3697 800 3756 Paracliti
814 3719 819 3756 :
840 3698 942 3759 libera.

169 3791 220 3850 -In
233 3792 281 3851 die
290 3795 398 3871 judicii
413 3815 419 3853 :
441 3795 544 3852 libera.

179 3889 352 3948 Peccatores
366 3912 373 3949 ε
394 3897 424 3949 te
438 3911 576 3968 rogamus
590 3892 660 3949 audi
675 3911 736 3950 nos.

178 3984 226 4044 Ut
240 4006 341 4062 pacem
355 3994 387 4046 et
400 3989 586 4046 concordiam
600 3988 685 4046 nobis
699 3988 809 4046 dones:
830 3993 861 4046 te
874 4007 1020 4064 rogamus.

96 4148 101 4154 ,
177 4081 225 4141 Ut
245 4089 379 4142 sanctam
400 4084 563 4142 Ecclesiam
582 4090 667 4142 tuam
687 4102 789 4161 regere
809 4103 844 4141 ae
864 4084 1016 4142 defensare
1037 4083 1186 4161 digneris:

261 4181 292 4234 te
306 4196 454 4254 rogamus.

177 4271 224 4331 Ut
238 4271 382 4331 domnum
392 4272 598 4351 Apostolicum
609 4280 640 4331 et
654 4291 756 4331 omnes
766 4272 876 4350 gradus
890 4272 1027 4332 Ecclesiae
1038 4275 1070 4333 in
1084 4285 1187 4336 sancta

258 4365 402 4444 religione
416 4384 590 4426 conservare
604 4365 756 4445 digneris:
778 4371 809 4424 te
823 4384 968 4444 rogamus.

493 4496 508 4524 θ
523 4495 594 4542 York
607 4493 661 4540 na.
