2760 4860
403 273 900 342 Eaauaieadueumsarum
1204 282 1264 345 15·

51 441 204 515 uiritim
223 440 512 516 Etitenonmeryat
528 439 805 514 semelmreosacie
821 441 864 499 ad
880 441 1052 513 meridiem,¹
1078 443 1119 503 Et
1135 445 1267 524 Spiritus

51 522 169 582 Sancti.
212 523 320 579 Amen.
368 521 412 578 Et
432 529 545 596 meryot
564 521 649 580 totio
670 529 750 580 recta
764 521 849 596 facie
872 541 972 580 cereres
994 522 1135 599 apuam*
1181 527 1266 586 Eune

47 603 173 683 patriai
184 602 357 678 accipientes
365 600 512 676 inform
523 602 561 660 de
573 602 712 660 manime
719 600 884 661 Sacerdotis
896 601 987 661 leuem
996 622 1063 662 eum
1073 605 1217 681 defertu
1230 617 1266 666 ut

50 691 155 742 enum
174 683 304 740 canuit
322 703 344 740 a
353 680 450 755 smste,
471 681 599 758 accipiat
617 681 760 741 Sacerdos
776 683 811 740 de
828 681 982 741 chrismate
1004 704 1072 743 aens
1087 686 1192 762 pollice
1211 707 1266 749 cuo

52 764 174 824 dicerer:
194 762 344 820 Dominus
356 761 511 819 vobiscum
524 771 551 820 et
564 763 699 821 Oremus

114 923 202 983 Deos
213 923 411 998 omnipotens,
425 921 519 980 Pater
531 922 657 981 Domini
669 922 766 981 nostri
779 922 802 981 J
803 942 855 981 esu
869 922 991 995 Christi,
1006 925 1059 1002 qni
1072 932 1103 984 te
1117 947 1267 1005 regenero·

51 1005 101 1063 vit
119 1023 161 1063 ex
179 1023 259 1080 sque
278 1010 311 1060 et
329 1003 446 1080 Spiritu
467 1002 588 1074 Sancto,
600 1004 713 1080 quique
731 1002 815 1061 dedit
834 1003 892 1061 tibi
911 1005 1113 1065 remissionom
1131 1009 1266 1068 omnium

53 1090 245 1162 peoeetorum
257 1090 388 1155 tuorum,
402 1082 463 1141 Hic
477 1083 567 1141 liaiot
580 1083 726 1158 infantem
739 1083 775 1142 de
789 1083 854 1159 ipso
868 1082 1021 1144 chrimate
1038 1106 1105 1146 cum
1113 1088 1220 1165 pollice
1232 1091 1267 1148 iu

52 1165 158 1224 vertice
179 1165 212 1222 in
231 1164 354 1222 modum
372 1163 476 1235 erucis,
498 1163 616 1223 mm.-
641 1163 705 1239 ipso
724 1169 755 1220 te
775 1163 865 1221 liniet
883 1163 1042 1225 chrisnmte
1054 1165 1096 1247 ᾧ
1108 1168 1214 1228 salutis
1233 1170 1266 1229 in

54 1244 179 1305 Christo
191 1243 266 1302 Jeen
280 1243 411 1301 Domino
424 1249 527 1302 nostro
540 1243 573 1302 in
586 1243 682 1302 vitam
695 1249 845 1302 aternam.
890 1247 998 1304 Amen.

113 1325 222 1384 Poetm
235 1325 384 1382 induatur
396 1323 501 1399 insane
513 1332 586 1383 reete
603 1323 764 1395 christicoli,
777 1323 932 1384 Sacerdote
944 1326 1142 1402 interropamte
1159 1350 1266 1390 amaea

53 1405 193 1481 iry'antie,
207 1413 234 1463 et
253 1405 365 1463 dicente
385 1405 448 1464 eie:
471 1403 523 1476 N,
544 1404 657 1481 Accipe
674 1411 789 1462 vestem
809 1405 964 1463 condidam
985 1414 1016 1465 ct
1036 1407 1265 1481 immaculatam,

54 1505 148 1563 qnam
171 1485 300 1562 perferas
328 1490 400 1543 ente
420 1484 554 1542 tribunal
581 1485 706 1543 Domini
728 1485 825 1543 nostri
851 1484 928 1544 Jesn
952 1486 1075 1560 Christi,
1099 1496 1134 1547 ut
1159 1490 1266 1551 hebens

56 1567 152 1626 ritem
165 1573 309 1624 aeternnm
321 1574 354 1624 et
365 1565 450 1623 vivas
460 1565 493 1622 in
506 1564 614 1623 saeculn
625 1564 809 1624 saeculorum.
851 1566 959 1625 Amen.

115 1645 267 1708 ibicitum
288 1654 330 1704 est
352 1646 431 1704 enim
449 1665 590 1721 pannum
612 1645 798 1704 cirierualem
817 1646 941 1706 eecuruio
963 1647 1051 1707 linire
1074 1648 1228 1710 clem'smate
1241 1661 1268 1711 et

55 1746 145 1804 cuper
162 1726 260 1785 alium
279 1725 460 1802 baptizatum
480 1726 654 1785 immittere:
675 1734 774 1785 toreca
786 1725 829 1784 od
845 1747 1010 1786 communae
1022 1749 1096 1787 uetes
1110 1751 1172 1789 riou
1189 1732 1268 1791 debet

52 1827 178 1884 paraus
198 1807 247 1866 iile
269 1807 391 1879 oeeumi,
414 1806 466 1865 sed
493 1807 534 1865 ad
560 1805 722 1866 Ecclesiam
747 1807 902 1883 reportari,
924 1817 951 1866 et
974 1809 1008 1867 iu
1034 1829 1107 1869 ueros
1133 1810 1268 1871 Ecclesia

56 1888 230 1951 resonarit

115 1968 233 2026 Deinde
256 1967 376 2043 querito
397 1967 516 2026 nomiae
533 1975 628 2044 portat
655 1987 767 2027 cereum
793 1968 943 2026 ardentem
964 1969 999 2027 in
1024 1990 1119 2030 etiarm
1138 1972 1269 2048 iusoutie

58 2047 173 2108 diceus:
194 2048 246 2119 N,
260 2047 374 2125 Accipe
386 2047 563 2125 lampadem,
578 2057 605 2106 et
618 2057 711 2107 cetero
723 2056 871 2124 utsupra,
887 2068 914 2126 p.
934 2049 978 2110 lt.

115 2129 155 2188 Si
175 2127 340 2204 Episcopus
365 2128 456 2201 adeet,
476 2129 578 2186 statim
599 2147 666 2187 eum
693 2130 864 2204 confirmari
884 2139 1002 2206 oportet,
1027 2139 1053 2189 et
1070 2142 1172 2208 postea
1196 2153 1267 2193 coae-

58 2209 217 2280 muaieari,
238 2208 267 2266 ei
287 2216 358 2267 atas
380 2208 443 2284 ejus
462 2208 497 2267 id
516 2208 658 2285 depascat,
680 2208 832 2269 Sacerdote
852 2210 982 2271 diceute:
1008 2211 1122 2289 Corpus
1144 2214 1267 2273 Domini

58 2290 154 2348 nostri
175 2288 252 2347 Jeeu
275 2288 390 2347 Christi
411 2289 560 2347 custodiat
578 2307 685 2367 corpus
706 2297 793 2348 tuum
814 2296 846 2349 et
867 2291 998 2350 animum
1018 2298 1102 2351 tuam
1123 2295 1156 2351 in
1172 2295 1265 2354 vitam

58 2378 209 2428 oternsm.

115 2450 154 2508 Si
167 2448 272 2524 insane
290 2449 330 2507 sit
349 2448 528 2525 irp'uuqotur
542 2451 628 2526 patri
641 2459 667 2509 et
680 2452 772 2510 matri
784 2460 818 2509 ut
835 2462 998 2512 coacervent
1011 2474 1140 2531 puerum
1153 2455 1189 2514 ab
1203 2455 1268 2532 ipui

55 2540 80 2589 et
94 2549 179 2606 aqua
192 2538 219 2588 et
229 2530 363 2588 omnimo
376 2529 447 2588 aliis
461 2530 605 2606 periculis
624 2551 715 2607 usque
735 2533 777 2590 ad
796 2540 909 2592 oetaam
928 2544 1033 2610 septem
1049 2556 1221 2607 auricomum·
1242 2547 1268 2596 et

53 2611 83 2671 ei
94 2611 157 2687 ipei
176 2629 238 2668 mon
250 2609 382 2684 saciant,
396 2611 518 2686 patriai
534 2620 561 2670 et
581 2612 719 2670 matri-reae
739 2621 879 2671 armetur.
923 2613 997 2673 Item
1017 2624 1043 2674 et
1064 2617 1269 2677 couiruatribuc

54 2690 238 2767 injuriantur
257 2698 291 2748 ut
311 2690 432 2748 doceam
451 2690 599 2766 insontem
619 2691 711 2751 Pater
730 2700 832 2750 noster
844 2702 870 2751 et
884 2693 952 2752 Avo
967 2695 1066 2753 Morio
1078 2706 1105 2754 ct
1119 2698 1215 2755 Ciodo
1235 2699 1267 2757 in

53 2771 167 2842 Deum,
182 2770 226 2829 oet
238 2771 335 2830 doceri
344 2770 469 2844 sociaret
478 2793 491 2841 ,·
511 2781 538 2829 et
551 2773 630 2847 quod
644 2772 797 2831 chrismale
816 2773 968 2848 decscrotur
987 2777 1028 2834 ad
1041 2777 1220 2847 E'ccleeiaae,·
1242 2787 1269 2837 ct

54 2855 255 2926 confimetur,
277 2871 368 2927 quam
392 2851 447 2910 cito
467 2852 631 2929 Episcopus
657 2854 806 2912 advenerit
833 2855 944 2913 circum
965 2866 1067 2932 partes
1088 2878 1144 2934 per
1163 2868 1267 2935 septem

52 2932 212 2991 milliaria.

118 2932 236 3070 Deiadi
256 3011 375 3070 dicatur
393 3011 445 3070 icoc
459 3032 578 3088 sequeris
595 3013 791 3089 Evauqclium
806 3035 894 3091 cuper
906 3015 1051 3090 infantem
1065 3019 1092 3076 si
1100 3018 1247 3095 placuerit
1258 3044 1267 3080 :

52 3092 128 3168 quia
143 3093 305 3151 secuudum
318 3091 446 3151 doctorce
458 3094 586 3152 maxime
598 3094 673 3153 colet
682 3115 740 3173 pro
754 3096 852 3154 morbo
865 3098 973 3154 caduco
984 3122 993 3157 :

118 3172 270 3231 Dominus
282 3173 444 3231 vobiscum.
487 3173 571 3250 Reep.
615 3175 656 3231 Et
670 3195 737 3233 cum
751 3176 858 3252 spiritu
873 3184 933 3235 tuo.

116 3253 205 3329 Beep.
229 3253 331 3311 Gloria
344 3253 410 3325 tibi,
425 3253 562 3312 Domine.

117 3332 279 3409 Sequentia
292 3333 387 3391 sancti
400 3334 556 3409 Evaupeiii
569 3336 728 3394 secuudum
742 3337 888 3396 Marcum.

118 3414 161 3471 In
173 3413 227 3471 illo
240 3419 380 3490 tempore,
397 3413 590 3490 Respondeas
603 3417 822 3476 unusdeturba
833 3419 959 3477 diritati
972 3420 994 3479 J
996 3440 1077 3478 esum
1091 3443 1097 3478 :
1112 3421 1265 3500 Magister,

56 3494 162 3566 attuli,
178 3501 205 3553 et
218 3503 311 3552 cetera
324 3503 359 3552 ut
372 3515 472 3571 cupra,
488 3515 516 3572 p.
534 3495 579 3554 18.

120 3728 138 3759 ⁴
153 3727 218 3785 The
229 3727 294 3786 MS.
307 3728 481 3788 adds—“Si
493 3729 602 3791 dubitet
611 3734 752 3792 Sacerdos
765 3735 799 3792 de
813 3734 928 3809 iresautc
938 3744 1040 3795 utrum
1053 3737 1094 3795 sic
1105 3737 1267 3814 bapti'eatus

51 3809 150 3884 suerit
164 3827 274 3880 aaron,
289 3809 416 3885 accipiat
433 3809 579 3884 infantem
591 3822 618 3872 et
636 3814 758 3890 baptizet
775 3835 850 3888 eum,
866 3816 906 3874 sic
923 3817 1061 3876 diceudo:
1082 3816 1132 3890 N,
1148 3817 1181 3875 Si
1199 3818 1266 3894 bap-

59 3890 221 3959 tizatores,
238 3907 292 3964 ego
309 3909 371 3948 non
388 3891 536 3967 rebaptizo
554 3899 592 3951 te.
636 3893 669 3953 Si
690 3914 751 3953 non
773 3915 803 3953 es
824 3896 999 3973 baptizatus,
1016 3918 1068 3975 ogo
1087 3897 1203 3974 baptizo
1225 3906 1263 3956 tc.

60 3969 99 4027 In
115 3969 239 4026 nomine
258 3969 368 4043 Patris,
381 3978 408 4029 et
430 3980 528 4044 cetera,
545 3974 630 4032 reoda
650 3994 744 4051 supra
765 3977 849 4046 dicto,
863 3977 992 4036 vilelicet
1010 3979 1150 4037 contiuua
1167 3979 1267 4037 recita-

59 4050 137 4108 tioae
150 4049 215 4107 sine
228 4049 331 4126 aliqua
344 4052 505 4112 mutatione
519 4054 564 4112 uel
573 4055 784 4132 interruptione
798 4058 947 4117 uerborum
961 4059 1013 4118 eui
1024 4059 1105 4118 trina
1117 4059 1265 4132 uccrm'ouc,

59 4138 94 4188 ut
106 4149 203 4206 supro
215 4130 328 4189 dictum
340 4131 407 4190 cet.''

120 4211 141 4271 †
162 4210 228 4269 Om.
246 4211 311 4275 MS.

120 4290 139 4364 ξ
159 4289 223 4348 The
244 4290 310 4349 MS.
326 4291 512 4352 adds-“ita
532 4303 630 4356 umen
645 4299 724 4374 quod
741 4299 990 4376 uocauiusautie
1007 4309 1220 4374 contrectetur,
1239 4310 1265 4362 et

59 4369 142 4447 quod
152 4369 248 4432 iaceat
260 4391 377 4447 marce,
391 4383 549 4452 autequam
561 4387 662 4439 caeam
675 4380 711 4439 ab
724 4379 879 4440 Ecclesia.”
