2760 4860
374 395 375 398 ,
416 332 584 401 Manuale
597 333 645 401 act
658 355 762 402 usum
775 334 911 402 Sarum.

311 548 394 608 Posr
413 549 585 610 Pnaumou
606 566 641 610 ns
661 565 857 610 neooouaoa
877 549 1019 610 Pascua.

115 679 233 740 Deinde
242 689 310 757 post
318 680 488 758 prandium
501 680 582 739 dicat
595 679 734 740 Sacerdos
747 680 801 739 too
813 679 916 740 modo:

118 760 181 831 Qui
193 761 247 819 dat
259 781 355 820 escam
369 762 452 820 omni
464 762 565 819 cerni:
585 761 769 820 confitemini
783 761 849 820 Deo
862 760 936 820 eseli.

116 840 167 900 Tu
179 847 290 914 sutem,
306 842 446 915 Domine,
460 842 599 901 miserere
612 841 716 900 nostri.

116 921 185 981 Deo
197 921 317 998 mutius.

115 1002 266 1061 Psatmus.
310 1003 445 1062 Iaudate
459 1003 633 1074 Dominum,
649 1021 751 1061 omnes
764 1007 874 1078 gentes.

117 1082 269 1153 Quoniam
282 1085 457 1142 confirmata
469 1089 514 1141 est
527 1103 617 1160 super
628 1103 692 1156 noa,
708 1092 734 1140 et
748 1092 840 1141 cetera
854 1091 887 1140 ut
901 1102 1002 1158 supra.

118 1162 224 1223 Gloria
236 1165 324 1241 petri.
367 1165 451 1223 Sicut
465 1168 537 1222 eret.

124 1243 237 1304 Verum.
279 1245 320 1303 In
332 1245 547 1304 mmirmctiono
560 1250 621 1318 toa,
638 1243 764 1302 Christe.

117 1325 201 1402 Resp.
246 1325 318 1384 Oaeli
332 1331 363 1384 et
376 1332 457 1384 terra
470 1326 616 1383 laetentur.
660 1322 810 1399 Alleluya

118 1405 269 1464 Dominus
282 1407 441 1465 vobiscum.
485 1406 619 1465 Oremus.

118 1485 267 1562 Spiritum
281 1487 314 1544 in
326 1488 421 1560 nobis,
436 1495 470 1545 ut
483 1507 584 1563 supra.

118 1566 335 1625 Benedioamus
349 1566 486 1626 Domino.
530 1567 595 1625 Deo
609 1566 727 1644 gratiss,

259 1755 353 1814 Auru
372 1773 410 1814 rr
431 1772 503 1814 roso
523 1754 635 1813 Ossia
656 1771 690 1813 ιη
711 1768 906 1811 neooouaoa
926 1752 1067 1812 Psecas.

61 1887 194 2027 haime
208 1890 396 1963 cenamfiant
410 1887 622 1960 tamdictiones
638 1897 672 1948 ut
685 1909 785 1967 supro.
828 1888 942 1949 Deiruie
949 1894 1015 1964 post
1028 1906 1129 1946 cenam
1143 1885 1262 1944 dicatur

118 2049 193 2106 Haec
206 2048 270 2106 dies
303 2068 372 2106 unm
386 2048 457 2106 fecit
470 2048 625 2108 Dominus

124 2129 238 2188 Versus.
281 2067 321 2186 in
334 2130 546 2188 resurreetione
560 2137 622 2203 tus,
638 2129 763 2192 Christe.

26 2248 30 2253 -
117 2208 204 2286 Reep.
249 2208 322 2267 caeli
334 2217 365 2267 et
378 2217 459 2268 term
471 2209 619 2271 laetentur.

118 2290 271 2349 Dominus
284 2291 444 2348 vobiscum.
488 2290 622 2349 Oremus.

118 2371 267 2448 Spiritum
280 2371 314 2428 in
326 2371 421 2445 nobis,
439 2372 577 2443 Domine,
594 2381 628 2430 ut
642 2392 742 2449 supra.

10 2520 19 2537 ,
118 2451 336 2511 Benedimmus
349 2451 488 2512 Domino.
531 2451 596 2511 Deo
609 2454 729 2530 gratiae.

324 2677 568 2736 SERVITIUM
589 2676 1004 2738 INOLUDENDORUM.*

121 2823 257 2896 Qualiter
269 2823 302 2881 1ιὶ
315 2824 367 2898 qui
381 2824 422 2881 aci
440 2825 574 2882 ordinem
587 2824 839 2883 Anaclmoitarum
857 2823 997 2882 accedunt
1018 2825 1145 2882 accedere
1166 2825 1223 2882 sire
1236 2844 1265 2883 se

51 2905 310 2975 haerentiam,
331 2905 479 2979 sequentia
508 2907 668 2962 scaccarium
689 2926 777 2962 usum
800 2905 1046 2963 Sariuburiensem
1067 2903 1262 2964 declarabunt.

51 2987 131 3045 Non
151 2994 261 3061 oportet
281 3005 457 3060 quanquam
480 2985 628 3043 inclusum
642 2987 714 3061 ficri
734 2987 796 3044 sine
817 2986 956 3062 Epiuopi
976 2985 1130 3054 comacen-
1152 2987 1201 3044 sect
1228 2987 1265 3044 ab

52 3065 205 3143 Episcopo
222 3074 276 3122 aret
297 3065 398 3140 otmaro
411 3065 471 3124 atio
480 3066 645 3141 presbytero
658 3067 815 3125 erudiatur
827 3088 861 3124 ac
876 3075 1029 3124 annana
1049 3074 1193 3141 quatenus
1206 3067 1266 3142 ipse

56 3148 179 3206 devotus
196 3146 400 3204 conscientiam
420 3166 506 3203 suam
524 3156 674 3218 scrutetur,
690 3168 725 3205 ao
739 3147 868 3206 videlicet
889 3157 991 3205 utrum
1011 3146 1085 3205 bona
1106 3146 1265 3206 intentione

57 3234 115 3286 acet
136 3226 219 3285 mala
240 3227 424 3284 sanctitatem
441 3235 579 3303 appetat;
600 3227 627 3284 si
647 3228 708 3285 Deo
725 3228 839 3303 precere
859 3237 913 3285 aret
934 3228 1050 3286 lucrum
1070 3228 1126 3286 sioc
1148 3227 1266 3286 triadem

58 3308 227 3366 numanam
248 3307 396 3382 acquirere
423 3307 541 3381 affectet,
565 3306 688 3382 datique
716 3329 758 3365 an
781 3309 856 3367 eires
877 3308 949 3367 ciet
970 3310 1134 3368 constantin
1162 3309 1267 3367 aseritis

57 3397 219 3465 mppetaret
233 3398 335 3446 contra
347 3387 473 3462 matiqni
492 3387 583 3446 hostis
595 3388 738 3446 versutiae
752 3398 778 3446 at
795 3399 896 3448 caetra
909 3389 1078 3467 injuriandi
1099 3392 1265 3447 immunera·

58 3469 131 3528 biles
150 3469 301 3527 nwlcstiao.
346 3468 418 3539 Quae
439 3489 505 3526 cum
525 3489 553 3527 se
569 3489 627 3544 pro
646 3489 733 3544 reqno
751 3469 809 3527 Dei
829 3471 1020 3529 toleraturum
1038 3480 1064 3529 et
1084 3472 1117 3528 iu
1132 3471 1192 3530 Deo
1207 3470 1265 3530 solo

59 3568 140 3625 spera
154 3550 324 3624 positurum
336 3548 515 3625 promiserit,
530 3549 667 3609 includat
688 3571 754 3608 cerm
768 3551 930 3627 Episcopus
943 3561 996 3609 aut
1015 3553 1160 3628 presbyter
1175 3553 1266 3628 jzcssu

58 3629 208 3706 Episcopi.
252 3628 320 3704 Ipse
337 3650 401 3688 aero
415 3630 547 3688 inclusus
567 3631 660 3689 discat
678 3651 739 3689 non
752 3633 869 3708 superte
883 3652 988 3708 sapae,
1004 3632 1145 3706 quoniam
1159 3633 1266 3690 meruit

50 3709 227 3785 frequentia
253 3709 406 3768 leontinum
429 3711 561 3786 separari
571 3733 583 3781 ,·
618 3712 667 3770 sect
687 3713 858 3787 infirmitati
884 3733 944 3770 sarco
968 3713 1067 3786 potius
1091 3712 1189 3770 crectat
1209 3732 1266 3773 esse

54 3791 214 3866 provisum
237 3799 292 3847 aut
313 3791 485 3864 cmuuttum,
507 3793 586 3866 quod
602 3793 752 3867 elonqatus
767 3803 806 3852 est
820 3814 840 3850 a
854 3792 994 3851 coruortio
1011 3792 1217 3867 proximorum
1230 3813 1267 3853 ne

60 3871 191 3930 crebrius
204 3872 350 3946 peccando
363 3892 398 3929 ac
411 3892 438 3929 se
448 3871 611 3947 perditioni
627 3874 824 3949 emancipando
839 3874 1031 3932 cohabitantes
1045 3872 1265 3946 contaminaret,

60 3960 88 4010 et
102 3952 136 4010 ob
157 3951 209 4009 lico
221 3951 256 4009 in
269 3952 488 4011 docimationem
506 3952 668 4027 qraviorcm
683 3954 826 4013 incuteret.
873 3955 995 4030 Reqnctet
1009 3973 1074 4026 erqo
1087 3973 1115 4010 se
1136 3952 1268 4014 iactastis

60 4032 152 4108 quasi
170 4032 297 4108 peccatis
321 4033 497 4090 damnatum
523 4042 549 4090 et
577 4033 813 4093 annaneane
836 4034 912 4092 vetut
936 4033 1045 4091 carceri
1072 4032 1217 4093 traditum
1241 4044 1267 4094 et

54 4121 180 4191 propter
189 4111 391 4188 infirmitatem
399 4113 556 4189 propriam
565 4112 720 4173 leontinum
733 4115 875 4173 consortio
887 4114 1053 4188 iruliqnum.
1084 4114 1156 4172 Hac
1165 4116 1269 4190 requio

60 4195 97 4253 in
110 4201 235 4269 utroque
248 4214 316 4252 sero
329 4203 463 4253 seruetur.

124 4343 142 4375 *
162 4343 227 4404 The
247 4345 313 4403 MS.
335 4346 418 4423 gives
438 4366 456 4404 s
476 4347 618 4405 different
638 4348 715 4405 form
735 4348 781 4406 for
801 4346 861 4406 this
882 4347 971 4420 office,
992 4347 1018 4405 it
1039 4347 1101 4406 will
1121 4348 1158 4406 be
1179 4348 1271 4409 found

60 4426 160 4487 below
173 4431 206 4484 et
218 4425 271 4484 the
284 4426 360 4485 close
375 4427 409 4486 of
424 4426 476 4486 the
490 4428 601 4486 Serum
616 4426 749 4486 Manual.
