2768 4852
176 960 356 1045 ORDO
416 961 509 1046 AD
570 961 1157 1048 OATECHUMENUM

446 1141 887 1226 FAOIENDUM.

123 1511 278 1588 Imprimis
298 1509 450 1586 dey'erctnr
467 1510 571 1589 insons
591 1513 632 1570 ad
652 1511 752 1571 octone
769 1510 911 1585 Ecclesia,
932 1520 960 1572 et
977 1512 1112 1588 inquirat
1129 1511 1269 1573 Sacerdos

56 1631 93 1671 ct·
107 1608 250 1667 obstetrice
263 1616 367 1666 ntrurn
380 1606 485 1683 insons
497 1608 536 1668 sit
552 1608 703 1668 neoscntns
715 1608 891 1683 velseneinc.
934 1608 1058 1683 Deinde,
1072 1608 1217 1685 siinsanr
1230 1608 1270 1670 sit

57 1705 225 1782 triptieotns
245 1705 326 1764 dorici
345 1713 372 1764 et
395 1725 453 1780 qno
476 1706 593 1765 nomine
616 1706 715 1765 uocari
739 1707 844 1766 debeat.
898 1705 979 1766 Licet
1001 1705 1081 1765 enine
1104 1706 1271 1782 baptizatur

44 1801 152 1877 flectit
175 1801 255 1860 donzi
269 1810 390 1878 propter
411 1802 580 1878 pericnlum
603 1803 715 1876 mortis,
737 1811 829 1862 totnnt
852 1811 951 1863 tamen
974 1803 1077 1863 lrabeat
1096 1803 1269 1879 subsequens

57 1899 552 1976 serr-itinmprccterinernersionene.
582 1898 1270 1962 *MaseatusantemstatuetnradeatrisSacer-

57 1997 145 2069 dot-is,
169 1996 277 2055 mulier
299 2017 364 2057 vero
388 2018 408 2056 a
429 1996 590 2058 sinistris*
643 1998 705 2057 Hic
722 1998 824 2075 priene
844 1997 980 2075 inquirat
999 1997 1140 2059 Sacerdos
1162 2018 1268 2058 nonoen

57 2091 188 2166 intentis
201 2091 240 2153 N.
284 2093 344 2153 His
357 2094 487 2171 qncesitis
496 2093 636 2155 Sacerdos
649 2095 776 2171 insufflet
789 2093 941 2170 infaciem
948 2095 1040 2173 pueri
1053 2095 1146 2154 tribus
1159 2094 1270 2155 notus

54 2188 151 2260 terrici,
165 2188 261 2248 dicent
272 2214 282 2249 .·
822 2261 825 2267 ‚

120 2284 172 2358 N,
196 2285 309 2360 Accipe
337 2285 484 2362 Spiritum
512 2286 663 2345 Sanctum.
726 2286 773 2345 Tu
800 2295 900 2346 autem
928 2288 1068 2365 effugare,
1089 2286 1215 2359 diabole,
1237 2292 1268 2346 st

55 2400 192 2459 prospero
204 2381 409 2438 habitaculum
423 2382 572 2455 Domino,
592 2383 642 2440 cxi
656 2383 694 2440 ab
708 2402 752 2457 co,
763 2383 886 2459 spiritus
898 2384 1061 2457 immundo,
1076 2388 1107 2440 et
1120 2384 1159 2440 da
1172 2383 1268 2441 locum

58 2477 189 2552 Spiritui
216 2476 326 2533 Sancto
354 2476 511 2534 Pamclito
575 2477 615 2534 In
643 2477 764 2535 nomine
792 2477 893 2536 Patris
922 2484 953 2537 et
981 2477 1053 2535 Filii
1081 2483 1112 2535 et
1139 2477 1269 2554 Spiritus

56 2572 170 2629 Sancti
214 2572 323 2629 Amen.

16 2710 20 2715 -
122 2675 236 2734 Deinde
246 2675 350 2751 serdot
362 2674 502 2736 Sacerdos
519 2676 638 2753 sipnsnn
655 2677 749 2736 connis
766 2696 833 2736 cnon
848 2675 953 2754 podice
967 2677 1001 2735 in
1010 2676 1115 2752 fronte
1131 2676 1267 2760 insontes,

57 2775 158 2832 dicens
168 2794 178 2830 :
200 2771 238 2832 N.
242 2817 251 2847 ,
272 2773 397 2850 Signum
411 2779 519 2833 sanctos
534 2774 628 2833 crucis
642 2772 684 2854 ›1‹
697 2774 730 2831 in
743 2774 841 2833 fronte
855 2780 908 2834 tus
920 2778 1030 2852 pono.†

120 2877 311 2953 Tnncsaciot
322 2898 433 2937 cererem
447 2878 481 2936 in
489 2889 603 2955 pectore
614 2878 751 2954 infantis,
761 2880 859 2939 dicens
870 2904 880 2941 .·
901 2879 953 2953 N,
966 2879 1093 2958 Signum
1103 2879 1269 2941 salvatoris

58 2976 182 3034 Domini
196 2977 292 3034 nostri
305 2976 328 3034 J
328 2996 380 3035 esu
395 2976 508 3035 Christi
521 2977 553 3034 in
572 2983 690 3055 pectore
703 2983 757 3038 tuo
770 2998 856 3056 pono.

119 3082 231 3142 Deinde
244 3082 385 3142 Sacerdos
398 3092 494 3142 tenens
514 3103 638 3144 nicetam
651 3086 798 3144 dexteram
811 3103 899 3162 snper
917 3092 1005 3162 capnt
1024 3084 1154 3161 infantie
1167 3086 1268 3145 dicat:

62 3180 211 3237 Dominus
224 3180 384 3238 vobiscum.
428 3180 549 3239 Etcum
565 3181 674 3257 spiritu
688 3187 749 3240 tuo.
793 3183 928 3241 Oremus.

119 3284 315 3362 Omnipotens
339 3285 517 3362 sempiterne
541 3286 633 3360 Deus,
658 3285 750 3344 Pater
774 3287 899 3345 Domini
924 3287 1019 3345 nostri
1042 3287 1117 3345 Jesu
1145 3286 1268 3359 Christi,

57 3381 201 3458 respicere
225 3381 347 3457 dignare
371 3400 460 3458 super
482 3382 562 3440 hunc
586 3382 731 3441 famulum
752 3389 839 3441 tuum
859 3383 909 3458 N,
930 3403 1020 3461 quem
1040 3385 1078 3441 ad
1098 3383 1269 3441 rudimento

56 3478 240 3550 fidcivocere
250 3475 390 3556 dignutus
401 3498 431 3538 ss
443 3499 453 3553 3
472 3498 592 3538 omnem
602 3481 765 3539 cecitatem
775 3481 871 3540 cordis
881 3483 919 3540 ab
929 3482 1087 3559 eoexpellc
1094 3501 1103 3555 3
1117 3481 1268 3559 disrumpe

56 3594 159 3635 omncs
180 3575 301 3653 laqueos
322 3575 448 3650 Satenae,
470 3576 579 3652 quibus
604 3576 703 3636 fueret
731 3577 894 3655 colligatis.
947 3577 1045 3655 Aperi
1069 3578 1106 3649 ei,
1127 3577 1266 3650 Domine,

49 3673 177 3748 januam
187 3672 307 3748 pietatis
317 3677 386 3744 tues,
398 3677 434 3730 ut
443 3672 528 3749 signo
537 3672 691 3749 sapientise
702 3680 761 3732 tuse
772 3674 905 3732 imbutus
919 3674 1052 3731 omnium
1066 3673 1267 3750 cupiditatum

55 3768 209 3826 foetoribus
226 3775 334 3843 careat,
350 3774 381 3826 et
397 3768 435 3826 sd
455 3787 576 3828 suavem
596 3770 716 3829 odorem
730 3777 944 3847 praeceptorum
965 3775 1086 3828 tuorum
1106 3769 1193 3827 lectus
1208 3770 1266 3828 tibi

54 3867 87 3924 in
102 3865 234 3925 Ecclesia
248 3872 302 3925 tua
314 3867 470 3940 deserviat,
483 3873 514 3926 et
527 3868 662 3945 proficiat
676 3868 713 3927 de
727 3869 775 3926 die
788 3869 822 3925 in
835 3867 923 3938 diem,
933 3873 969 3925 ut
982 3866 1109 3924 idoneus
1122 3866 1267 3925 efficietur

52 3963 191 4022 secedere
219 3963 257 4020 ed
281 3964 409 4041 gratiam
432 3964 576 4040 baptismi
602 3965 650 4023 tui
677 3969 816 4041 percepto
839 3962 994 4021 medicina.
1054 3961 1114 4020 Per
1138 3962 1266 4045 cundem

54 4059 219 4117 Dominum
233 4065 377 4121 nostrum.
419 4061 528 4119 Amen.

116 4228 129 4253 ¹
145 4228 299 4275 Om-York
308 4229 356 4275 ond
366 4229 460 4289 Bodlsy
471 4229 545 4276 MSS.

116 4313 130 4371 †
145 4313 214 4359 York
224 4313 322 4360 MS.-‘¹
331 4314 435 4374 Signum
451 4318 554 4362 sonetcso
569 4313 636 4362 rucis
650 4305 692 4387 ᾧ
707 4311 806 4359 Domini
820 4311 899 4360 nostri
908 4310 969 4360 Jesu
980 4311 1073 4362 christi
1086 4313 1113 4361 in
1127 4313 1209 4361 tronto
1224 4316 1267 4363 tus

56 4383 143 4445 ponol'
