<?xml version="1.0" encoding="UTF-8"?>
<!DOCTYPE html PUBLIC "-//W3C//DTD XHTML 1.0 Transitional//EN"
    "http://www.w3.org/TR/xhtml1/DTD/xhtml1-transitional.dtd">
<html xmlns="http://www.w3.org/1999/xhtml" xml:lang="en" lang="en">
 <head>
  <title>
</title>
<meta http-equiv="Content-Type" content="text/html;charset=utf-8" />
  <meta name='ocr-system' content='tesseract 3.04.00' />
  <meta name='ocr-capabilities' content='ocr_page ocr_carea ocr_par ocr_line ocrx_word'/>
</head>
<body>
  <div class='ocr_page' id='page_1' title='image "./manualeetproces01minsgoog_0272.png"; bbox 0 0 2768 4852; ppageno 0'>
   <div class='ocr_carea' id='block_1_1' title="bbox 283 324 1258 398">
    <p class='ocr_par' dir='ltr' id='par_1_1' title="bbox 283 324 1258 398">
     <span class='ocr_line' id='line_1_1' title="bbox 283 324 1258 398; baseline 0.006 -7"><span class='ocrx_word' id='word_1_1' title='bbox 283 324 289 335; x_wconf 92' lang='lat'>&#39;</span> <span class='ocrx_word' id='word_1_2' title='bbox 415 325 759 393; x_wconf 80' lang='lat' dir='ltr'>Maaaaleadcsaat</span> <span class='ocrx_word' id='word_1_3' title='bbox 771 327 906 394; x_wconf 75' lang='lat' dir='ltr'>Sarum.</span> <span class='ocrx_word' id='word_1_4' title='bbox 1199 335 1258 398; x_wconf 77' lang='lat'>29·</span> 
     </span>
    </p>
   </div>
   <div class='ocr_carea' id='block_1_2' title="bbox 74 492 1257 1214">
    <p class='ocr_par' dir='ltr' id='par_1_2' title="bbox 74 492 1257 1214">
     <span class='ocr_line' id='line_1_2' title="bbox 75 492 1257 592; baseline -0.001 -36"><span class='ocrx_word' id='word_1_5' title='bbox 75 497 150 590; x_wconf 74' lang='lat' dir='ltr'>suia</span> <span class='ocrx_word' id='word_1_6' title='bbox 172 494 377 588; x_wconf 78' lang='lat' dir='ltr'>primogenita</span> <span class='ocrx_word' id='word_1_7' title='bbox 397 493 453 551; x_wconf 88' lang='lat' dir='ltr'>tibi</span> <span class='ocrx_word' id='word_1_8' title='bbox 473 493 511 551; x_wconf 91' lang='lat' dir='ltr'>de</span> <span class='ocrx_word' id='word_1_9' title='bbox 530 492 642 551; x_wconf 88' lang='lat' dir='ltr'>mundo</span> <span class='ocrx_word' id='word_1_10' title='bbox 663 492 823 586; x_wconf 82' lang='lat' dir='ltr'>redemisti,</span> <span class='ocrx_word' id='word_1_11' title='bbox 837 501 868 552; x_wconf 87' lang='lat' dir='ltr'>et</span> <span class='ocrx_word' id='word_1_12' title='bbox 881 501 967 552; x_wconf 88' lang='lat' dir='ltr'>nocte</span> <span class='ocrx_word' id='word_1_13' title='bbox 981 495 1033 553; x_wconf 88' lang='lat' dir='ltr'>ills</span> <span class='ocrx_word' id='word_1_14' title='bbox 1045 515 1131 554; x_wconf 86' lang='lat' dir='ltr'>omne</span> <span class='ocrx_word' id='word_1_15' title='bbox 1152 498 1257 592; x_wconf 54' lang='lat' dir='ltr'>primo:</span> 
     </span>
     <span class='ocr_line' id='line_1_3' title="bbox 75 575 1256 737; baseline 0.001 -22"><span class='ocrx_word' id='word_1_16' title='bbox 75 575 1256 737; x_wconf 51' lang='lat' dir='ltr'>iffi.msitttmlttiss.‚tttttttffttrttlltltffl</span> 
     </span>
     <span class='ocr_line' id='line_1_4' title="bbox 87 733 1256 812; baseline -0.002 -15"><span class='ocrx_word' id='word_1_17' title='bbox 87 736 195 797; x_wconf 67' lang='lat' dir='ltr'>suncti</span> <span class='ocrx_word' id='word_1_18' title='bbox 245 737 333 794; x_wconf 83' lang='lat' dir='ltr'>licere</span> <span class='ocrx_word' id='word_1_19' title='bbox 346 735 401 793; x_wconf 85' lang='lat' dir='ltr'>lms</span> <span class='ocrx_word' id='word_1_20' title='bbox 413 753 523 807; x_wconf 81' lang='lat' dir='ltr'>cernes,</span> <span class='ocrx_word' id='word_1_21' title='bbox 539 741 574 791; x_wconf 92' lang='lat' dir='ltr'>ut</span> <span class='ocrx_word' id='word_1_22' title='bbox 587 733 756 811; x_wconf 80' lang='lat' dir='ltr'>quicunque</span> <span class='ocrx_word' id='word_1_23' title='bbox 774 754 812 792; x_wconf 89' lang='lat' dir='ltr'>ex</span> <span class='ocrx_word' id='word_1_24' title='bbox 832 735 943 812; x_wconf 92' lang='lat' dir='ltr'>populo</span> <span class='ocrx_word' id='word_1_25' title='bbox 964 742 1017 794; x_wconf 89' lang='lat' dir='ltr'>tuo</span> <span class='ocrx_word' id='word_1_26' title='bbox 1038 737 1119 795; x_wconf 89' lang='lat' dir='ltr'>fideli</span> <span class='ocrx_word' id='word_1_27' title='bbox 1139 758 1177 795; x_wconf 89' lang='lat' dir='ltr'>ex</span> <span class='ocrx_word' id='word_1_28' title='bbox 1196 738 1256 796; x_wconf 88' lang='lat' dir='ltr'>illis</span> 
     </span>
     <span class='ocr_line' id='line_1_5' title="bbox 74 813 1256 894; baseline -0.001 -17"><span class='ocrx_word' id='word_1_29' title='bbox 74 817 246 888; x_wconf 83' lang='lat' dir='ltr'>unederint,</span> <span class='ocrx_word' id='word_1_30' title='bbox 262 816 345 874; x_wconf 92' lang='lat' dir='ltr'>omni</span> <span class='ocrx_word' id='word_1_31' title='bbox 365 815 568 874; x_wconf 87' lang='lat' dir='ltr'>benedictione</span> <span class='ocrx_word' id='word_1_32' title='bbox 589 813 699 873; x_wconf 76' lang='lat' dir='ltr'>calesti</span> <span class='ocrx_word' id='word_1_33' title='bbox 711 820 742 873; x_wconf 92' lang='lat' dir='ltr'>et</span> <span class='ocrx_word' id='word_1_34' title='bbox 755 815 852 891; x_wconf 70' lang='lat' dir='ltr'>grstia</span> <span class='ocrx_word' id='word_1_35' title='bbox 871 822 925 872; x_wconf 86' lang='lat' dir='ltr'>tus</span> <span class='ocrx_word' id='word_1_36' title='bbox 945 819 1070 875; x_wconf 81' lang='lat' dir='ltr'>saturati</span> <span class='ocrx_word' id='word_1_37' title='bbox 1086 818 1256 894; x_wconf 73' lang='lat' dir='ltr'>repleantur</span> 
     </span>
     <span class='ocr_line' id='line_1_6' title="bbox 74 894 1256 973; baseline -0.002 -15"><span class='ocrx_word' id='word_1_38' title='bbox 74 921 81 959; x_wconf 86' lang='grc' dir='ltr'>ι</span> <span class='ocrx_word' id='word_1_39' title='bbox 98 897 249 970; x_wconf 82' lang='lat' dir='ltr'>bonitate,</span> <span class='ocrx_word' id='word_1_40' title='bbox 270 896 331 954; x_wconf 87' lang='lat' dir='ltr'>Per</span> <span class='ocrx_word' id='word_1_41' title='bbox 351 915 440 973; x_wconf 91' lang='lat' dir='ltr'>quem</span> <span class='ocrx_word' id='word_1_42' title='bbox 461 895 524 953; x_wconf 70' lang='lat' dir='ltr'>bec</span> <span class='ocrx_word' id='word_1_43' title='bbox 545 895 653 968; x_wconf 83' lang='lat' dir='ltr'>omnis,</span> <span class='ocrx_word' id='word_1_44' title='bbox 673 894 810 967; x_wconf 85' lang='lat' dir='ltr'><strong>Domine,</strong></span> <span class='ocrx_word' id='word_1_45' title='bbox 831 895 950 954; x_wconf 82' lang='lat' dir='ltr'>condite</span> <span class='ocrx_word' id='word_1_46' title='bbox 972 904 1042 954; x_wconf 89' lang='lat' dir='ltr'>sunt</span> <span class='ocrx_word' id='word_1_47' title='bbox 1064 905 1094 955; x_wconf 92' lang='lat' dir='ltr'>et</span> <span class='ocrx_word' id='word_1_48' title='bbox 1110 900 1148 956; x_wconf 84' lang='lat' dir='ltr'>ab</span> <span class='ocrx_word' id='word_1_49' title='bbox 1168 899 1256 957; x_wconf 91' lang='lat' dir='ltr'>initio</span> 
     </span>
     <span class='ocr_line' id='line_1_7' title="bbox 74 975 1256 1073; baseline 0.002 -38"><span class='ocrx_word' id='word_1_50' title='bbox 74 984 160 1073; x_wconf 65' lang='lat' dir='ltr'>ests,</span> <span class='ocrx_word' id='word_1_51' title='bbox 183 977 324 1070; x_wconf 73' lang='lat' dir='ltr'>Salvator</span> <span class='ocrx_word' id='word_1_52' title='bbox 343 975 554 1046; x_wconf 72' lang='lat' dir='ltr'>mundi:‚Qui</span> <span class='ocrx_word' id='word_1_53' title='bbox 574 995 680 1054; x_wconf 79' lang='lat' dir='ltr'>regnes</span> <span class='ocrx_word' id='word_1_54' title='bbox 700 995 769 1034; x_wconf 88' lang='lat' dir='ltr'>cum</span> <span class='ocrx_word' id='word_1_55' title='bbox 790 975 893 1034; x_wconf 92' lang='lat' dir='ltr'>eodem</span> <span class='ocrx_word' id='word_1_56' title='bbox 914 976 993 1034; x_wconf 87' lang='lat' dir='ltr'>Filio</span> <span class='ocrx_word' id='word_1_57' title='bbox 1012 984 1066 1036; x_wconf 91' lang='lat' dir='ltr'>tuo</span> <span class='ocrx_word' id='word_1_58' title='bbox 1086 979 1118 1035; x_wconf 91' lang='lat' dir='ltr'>iu</span> <span class='ocrx_word' id='word_1_59' title='bbox 1140 981 1256 1037; x_wconf 81' lang='lat' dir='ltr'>unitate</span> 
     </span>
     <span class='ocr_line' id='line_1_8' title="bbox 74 1058 983 1214; baseline -0.002 -18"><span class='ocrx_word' id='word_1_60' title='bbox 74 1058 368 1214; x_wconf 48' lang='lat' dir='ltr'>pmHtlflrosaSs‘plercdlatar</span> <span class='ocrx_word' id='word_1_61' title='bbox 380 1157 462 1213; x_wconf 76' lang='lat' dir='ltr'>aqua</span> <span class='ocrx_word' id='word_1_62' title='bbox 474 1136 620 1196; x_wconf 79' lang='lat' dir='ltr'>benedicta</span> <span class='ocrx_word' id='word_1_63' title='bbox 633 1155 720 1213; x_wconf 76' lang='lat' dir='ltr'>saper</span> <span class='ocrx_word' id='word_1_64' title='bbox 732 1155 833 1195; x_wconf 82' lang='lat' dir='ltr'>eomes</span> <span class='ocrx_word' id='word_1_65' title='bbox 846 1145 872 1196; x_wconf 83' lang='lat' dir='ltr'>et</span> <span class='ocrx_word' id='word_1_66' title='bbox 885 1145 983 1196; x_wconf 78' lang='lat' dir='ltr'>cetera.</span> 
     </span>
    </p>
   </div>
   <div class='ocr_carea' id='block_1_3' title="bbox 87 1349 1224 1514">
    <p class='ocr_par' dir='ltr' id='par_1_3' title="bbox 87 1349 1224 1514">
     <span class='ocr_line' id='line_1_9' title="bbox 87 1349 1224 1424; baseline 0.001 -14"><span class='ocrx_word' id='word_1_67' title='bbox 87 1350 353 1410; x_wconf 69' lang='lat' dir='ltr'>BENEDICTIO</span> <span class='ocrx_word' id='word_1_68' title='bbox 376 1349 544 1424; x_wconf 83' lang='lat' dir='ltr'>OARNIS,</span> <span class='ocrx_word' id='word_1_69' title='bbox 566 1349 700 1420; x_wconf 77' lang='lat' dir='ltr'>CASEI,</span> <span class='ocrx_word' id='word_1_70' title='bbox 722 1349 895 1423; x_wconf 86' lang='lat' dir='ltr'>BUTYRI,</span> <span class='ocrx_word' id='word_1_71' title='bbox 918 1350 1105 1410; x_wconf 87' lang='lat' dir='ltr'><strong>OVORUM</strong></span> <span class='ocrx_word' id='word_1_72' title='bbox 1126 1352 1224 1411; x_wconf 83' lang='lat' dir='ltr'>SIVE</span> 
     </span>
     <span class='ocr_line' id='line_1_10' title="bbox 367 1453 947 1514; baseline -0.003 0"><span class='ocrx_word' id='word_1_73' title='bbox 367 1454 676 1514; x_wconf 84' lang='lat' dir='ltr'>PASTILLARUM</span> <span class='ocrx_word' id='word_1_74' title='bbox 696 1453 747 1512; x_wconf 87' lang='lat' dir='ltr'>IN</span> <span class='ocrx_word' id='word_1_75' title='bbox 766 1454 947 1514; x_wconf 79' lang='lat' dir='ltr'>PASOHA.</span> 
     </span>
    </p>
   </div>
   <div class='ocr_carea' id='block_1_4' title="bbox 71 1601 1259 2408">
    <p class='ocr_par' dir='ltr' id='par_1_4' title="bbox 117 1601 864 1664">
     <span class='ocr_line' id='line_1_11' title="bbox 117 1601 864 1664; baseline -0.007 0"><span class='ocrx_word' id='word_1_76' title='bbox 117 1605 198 1664; x_wconf 80' lang='lat' dir='ltr'>Cam</span> <span class='ocrx_word' id='word_1_77' title='bbox 211 1604 360 1662; x_wconf 75' lang='lat' dir='ltr'>Dominus</span> <span class='ocrx_word' id='word_1_78' title='bbox 373 1603 524 1660; x_wconf 89' lang='lat' dir='ltr'>vobiscum</span> <span class='ocrx_word' id='word_1_79' title='bbox 537 1612 564 1661; x_wconf 83' lang='lat' dir='ltr'>et</span> <span class='ocrx_word' id='word_1_80' title='bbox 577 1602 710 1661; x_wconf 67' lang='lat' dir='ltr'>Oremus.</span> <span class='ocrx_word' id='word_1_81' title='bbox 756 1601 864 1660; x_wconf 66' lang='lat' dir='ltr'>Oratio.</span> 
     </span>
    </p>

    <p class='ocr_par' dir='ltr' id='par_1_5' title="bbox 71 1682 1259 2408">
     <span class='ocr_line' id='line_1_12' title="bbox 117 1682 1257 1760; baseline 0 -16"><span class='ocrx_word' id='word_1_82' title='bbox 117 1685 250 1744; x_wconf 91' lang='lat' dir='ltr'>Domine</span> <span class='ocrx_word' id='word_1_83' title='bbox 259 1684 343 1742; x_wconf 90' lang='lat' dir='ltr'>Deus</span> <span class='ocrx_word' id='word_1_84' title='bbox 351 1684 547 1760; x_wconf 88' lang='lat' dir='ltr'>omnipotens,</span> <span class='ocrx_word' id='word_1_85' title='bbox 558 1683 610 1760; x_wconf 92' lang='lat' dir='ltr'>qui</span> <span class='ocrx_word' id='word_1_86' title='bbox 624 1682 722 1740; x_wconf 75' lang='lat' dir='ltr'><strong>fecisti</strong></span> <span class='ocrx_word' id='word_1_87' title='bbox 735 1689 766 1739; x_wconf 91' lang='lat' dir='ltr'>et</span> <span class='ocrx_word' id='word_1_88' title='bbox 778 1683 884 1740; x_wconf 75' lang='lat' dir='ltr'>emasti</span> <span class='ocrx_word' id='word_1_89' title='bbox 897 1689 1004 1741; x_wconf 83' lang='lat' dir='ltr'>cuncte</span> <span class='ocrx_word' id='word_1_90' title='bbox 1013 1683 1183 1743; x_wconf 83' lang='lat' dir='ltr'>viventibus</span> <span class='ocrx_word' id='word_1_91' title='bbox 1196 1693 1257 1744; x_wconf 81' lang='lat' dir='ltr'>tues</span> 
     </span>
     <span class='ocr_line' id='line_1_13' title="bbox 72 1763 1257 1846; baseline 0 -22"><span class='ocrx_word' id='word_1_92' title='bbox 72 1767 205 1846; x_wconf 77' lang='lat' dir='ltr'>ergitetis</span> <span class='ocrx_word' id='word_1_93' title='bbox 224 1764 405 1835; x_wconf 83' lang='lat' dir='ltr'>alimoniam,</span> <span class='ocrx_word' id='word_1_94' title='bbox 419 1764 640 1840; x_wconf 81' lang='lat' dir='ltr'>humanumque</span> <span class='ocrx_word' id='word_1_95' title='bbox 661 1782 754 1840; x_wconf 81' lang='lat' dir='ltr'>genus</span> <span class='ocrx_word' id='word_1_96' title='bbox 775 1763 978 1840; x_wconf 75' lang='lat' dir='ltr'>spiritualibus</span> <span class='ocrx_word' id='word_1_97' title='bbox 999 1765 1071 1822; x_wconf 90' lang='lat' dir='ltr'>escis</span> <span class='ocrx_word' id='word_1_98' title='bbox 1091 1785 1124 1823; x_wconf 83' lang='lat' dir='ltr'>eo</span> <span class='ocrx_word' id='word_1_99' title='bbox 1144 1767 1257 1843; x_wconf 87' lang='lat' dir='ltr'>poculis</span> 
     </span>
     <span class='ocr_line' id='line_1_14' title="bbox 72 1844 1256 1922; baseline 0.001 -18"><span class='ocrx_word' id='word_1_100' title='bbox 72 1864 177 1907; x_wconf 87' lang='lat' dir='ltr'>norum</span> <span class='ocrx_word' id='word_1_101' title='bbox 195 1852 409 1922; x_wconf 71' lang='lat' dir='ltr'>praeceptorum</span> <span class='ocrx_word' id='word_1_102' title='bbox 427 1845 611 1921; x_wconf 75' lang='lat' dir='ltr'>terrenisque</span> <span class='ocrx_word' id='word_1_103' title='bbox 630 1844 805 1902; x_wconf 84' lang='lat' dir='ltr'>substantiis</span> <span class='ocrx_word' id='word_1_104' title='bbox 826 1851 947 1901; x_wconf 88' lang='lat' dir='ltr'>tuorum</span> <span class='ocrx_word' id='word_1_105' title='bbox 967 1845 1111 1902; x_wconf 90' lang='lat' dir='ltr'>donorum</span> <span class='ocrx_word' id='word_1_106' title='bbox 1129 1847 1256 1904; x_wconf 86' lang='lat' dir='ltr'>indesin·</span> 
     </span>
     <span class='ocr_line' id='line_1_15' title="bbox 72 1924 1257 2002; baseline -0.002 -15"><span class='ocrx_word' id='word_1_107' title='bbox 72 1933 141 1987; x_wconf 78' lang='lat' dir='ltr'>utor</span> <span class='ocrx_word' id='word_1_108' title='bbox 152 1926 251 1985; x_wconf 82' lang='lat' dir='ltr'>reficis</span> <span class='ocrx_word' id='word_1_109' title='bbox 260 1946 269 1998; x_wconf 80' lang='lat'>3</span> <span class='ocrx_word' id='word_1_110' title='bbox 289 1932 321 1983; x_wconf 88' lang='lat' dir='ltr'>te</span> <span class='ocrx_word' id='word_1_111' title='bbox 334 1925 566 2002; x_wconf 83' lang='lat' dir='ltr'>omnipotentem</span> <span class='ocrx_word' id='word_1_112' title='bbox 586 1924 685 1982; x_wconf 89' lang='lat' dir='ltr'>Deum</span> <span class='ocrx_word' id='word_1_113' title='bbox 705 1924 814 1981; x_wconf 83' lang='lat' dir='ltr'>obnixe</span> <span class='ocrx_word' id='word_1_114' title='bbox 834 1925 971 2000; x_wconf 89' lang='lat' dir='ltr'>petimus,</span> <span class='ocrx_word' id='word_1_115' title='bbox 987 1932 1022 1982; x_wconf 91' lang='lat' dir='ltr'>ut</span> <span class='ocrx_word' id='word_1_116' title='bbox 1038 1925 1099 1983; x_wconf 83' lang='lat' dir='ltr'>haec</span> <span class='ocrx_word' id='word_1_117' title='bbox 1113 1927 1191 1985; x_wconf 86' lang='lat' dir='ltr'>dous</span> <span class='ocrx_word' id='word_1_118' title='bbox 1204 1934 1257 1986; x_wconf 83' lang='lat' dir='ltr'>tue</span> 
     </span>
     <span class='ocr_line' id='line_1_16' title="bbox 72 2005 1257 2084; baseline -0.001 -18"><span class='ocrx_word' id='word_1_119' title='bbox 72 2007 160 2080; x_wconf 77' lang='lat' dir='ltr'>mnis,</span> <span class='ocrx_word' id='word_1_120' title='bbox 175 2006 263 2079; x_wconf 76' lang='lat' dir='ltr'>casei,</span> <span class='ocrx_word' id='word_1_121' title='bbox 279 2006 390 2081; x_wconf 78' lang='lat' dir='ltr'>butyri,</span> <span class='ocrx_word' id='word_1_122' title='bbox 404 2005 452 2063; x_wconf 87' lang='lat' dir='ltr'>vel</span> <span class='ocrx_word' id='word_1_123' title='bbox 465 2025 588 2062; x_wconf 87' lang='lat' dir='ltr'>ovorum</span> <span class='ocrx_word' id='word_1_124' title='bbox 609 2005 672 2062; x_wconf 86' lang='lat' dir='ltr'>sive</span> <span class='ocrx_word' id='word_1_125' title='bbox 685 2005 886 2081; x_wconf 88' lang='lat' dir='ltr'>cujuscunque</span> <span class='ocrx_word' id='word_1_126' title='bbox 902 2005 1024 2062; x_wconf 82' lang='lat' dir='ltr'>alterius</span> <span class='ocrx_word' id='word_1_127' title='bbox 1037 2005 1104 2077; x_wconf 90' lang='lat' dir='ltr'>cibi,</span> <span class='ocrx_word' id='word_1_128' title='bbox 1119 2027 1207 2084; x_wconf 90' lang='lat' dir='ltr'>quem</span> <span class='ocrx_word' id='word_1_129' title='bbox 1222 2015 1257 2065; x_wconf 86' lang='lat' dir='ltr'>tu</span> 
     </span>
     <span class='ocr_line' id='line_1_17' title="bbox 72 2084 1258 2165; baseline -0.001 -19"><span class='ocrx_word' id='word_1_130' title='bbox 72 2106 117 2165; x_wconf 59' lang='lat' dir='ltr'>pe</span> <span class='ocrx_word' id='word_1_131' title='bbox 129 2088 240 2146; x_wconf 74' lang='lat' dir='ltr'>creasti</span> <span class='ocrx_word' id='word_1_132' title='bbox 261 2092 293 2144; x_wconf 87' lang='lat' dir='ltr'>et</span> <span class='ocrx_word' id='word_1_133' title='bbox 309 2086 396 2144; x_wconf 90' lang='lat' dir='ltr'>nobis</span> <span class='ocrx_word' id='word_1_134' title='bbox 417 2085 543 2156; x_wconf 76' lang='lat' dir='ltr'>donasti,</span> <span class='ocrx_word' id='word_1_135' title='bbox 557 2092 699 2162; x_wconf 86' lang='lat' dir='ltr'>perpetus</span> <span class='ocrx_word' id='word_1_136' title='bbox 718 2084 854 2161; x_wconf 65' lang='lat' dir='ltr'>clareque</span> <span class='ocrx_word' id='word_1_137' title='bbox 874 2086 1057 2162; x_wconf 75' lang='lat' dir='ltr'>benignitate</span> <span class='ocrx_word' id='word_1_138' title='bbox 1077 2089 1258 2145; x_wconf 80' lang='lat' dir='ltr'>sanctificare</span> 
     </span>
     <span class='ocr_line' id='line_1_18' title="bbox 71 2165 1258 2248; baseline -0.004 -17"><span class='ocrx_word' id='word_1_139' title='bbox 71 2165 325 2248; x_wconf 56' lang='lat' dir='ltr'>obeneffldioene</span> <span class='ocrx_word' id='word_1_140' title='bbox 338 2166 476 2242; x_wconf 77' lang='lat' dir='ltr'>digneris.</span> <span class='ocrx_word' id='word_1_141' title='bbox 502 2165 718 2231; x_wconf 74' lang='lat' dir='ltr'>,vescentibus</span> <span class='ocrx_word' id='word_1_142' title='bbox 731 2185 770 2222; x_wconf 83' lang='lat' dir='ltr'>ex</span> <span class='ocrx_word' id='word_1_143' title='bbox 783 2166 826 2223; x_wconf 89' lang='lat' dir='ltr'>eis</span> <span class='ocrx_word' id='word_1_144' title='bbox 846 2166 958 2242; x_wconf 77' lang='lat' dir='ltr'>largam</span> <span class='ocrx_word' id='word_1_145' title='bbox 971 2173 1031 2223; x_wconf 81' lang='lat' dir='ltr'>tuae</span> <span class='ocrx_word' id='word_1_146' title='bbox 1045 2167 1258 2226; x_wconf 84' lang='lat' dir='ltr'>benedictionis</span> 
     </span>
     <span class='ocr_line' id='line_1_19' title="bbox 71 2245 1257 2322; baseline -0.003 -13"><span class='ocrx_word' id='word_1_147' title='bbox 71 2249 217 2309; x_wconf 74' lang='lat' dir='ltr'>mitatem</span> <span class='ocrx_word' id='word_1_148' title='bbox 243 2248 277 2304; x_wconf 92' lang='lat' dir='ltr'>in</span> <span class='ocrx_word' id='word_1_149' title='bbox 303 2247 465 2304; x_wconf 84' lang='lat' dir='ltr'>visceribus</span> <span class='ocrx_word' id='word_1_150' title='bbox 492 2265 594 2304; x_wconf 89' lang='lat' dir='ltr'>eorum</span> <span class='ocrx_word' id='word_1_151' title='bbox 621 2245 781 2303; x_wconf 87' lang='lat' dir='ltr'>clementer</span> <span class='ocrx_word' id='word_1_152' title='bbox 807 2245 925 2316; x_wconf 85' lang='lat' dir='ltr'>colloca,</span> <span class='ocrx_word' id='word_1_153' title='bbox 950 2254 981 2303; x_wconf 92' lang='lat' dir='ltr'>et</span> <span class='ocrx_word' id='word_1_154' title='bbox 1007 2248 1160 2322; x_wconf 82' lang='lat' dir='ltr'>praesentis</span> <span class='ocrx_word' id='word_1_155' title='bbox 1187 2249 1257 2305; x_wconf 84' lang='lat' dir='ltr'>vitae</span> 
     </span>
     <span class='ocr_line' id='line_1_20' title="bbox 71 2325 1259 2408; baseline -0.002 -21"><span class='ocrx_word' id='word_1_156' title='bbox 71 2330 230 2408; x_wconf 73' lang='lat' dir='ltr'>sspitetem</span> <span class='ocrx_word' id='word_1_157' title='bbox 270 2334 302 2386; x_wconf 91' lang='lat' dir='ltr'>et</span> <span class='ocrx_word' id='word_1_158' title='bbox 341 2328 450 2384; x_wconf 81' lang='lat' dir='ltr'>futurae</span> <span class='ocrx_word' id='word_1_159' title='bbox 491 2325 705 2384; x_wconf 73' lang='lat' dir='ltr'>beatitudinem</span> <span class='ocrx_word' id='word_1_160' title='bbox 746 2325 975 2384; x_wconf 82' lang='lat' dir='ltr'>misericorditer</span> <span class='ocrx_word' id='word_1_161' title='bbox 1014 2327 1143 2404; x_wconf 88' lang='lat' dir='ltr'>indulge.</span> <span class='ocrx_word' id='word_1_162' title='bbox 1200 2328 1259 2386; x_wconf 88' lang='lat' dir='ltr'>Per</span> 
     </span>
    </p>
   </div>
   <div class='ocr_carea' id='block_1_5' title="bbox 71 2408 855 2565">
    <p class='ocr_par' dir='ltr' id='par_1_6' title="bbox 71 2408 855 2565">
     <span class='ocr_line' id='line_1_21' title="bbox 71 2408 855 2565; baseline -0.009 -15"><span class='ocrx_word' id='word_1_163' title='bbox 71 2408 234 2550; x_wconf 40' lang='lat' dir='ltr'>millitis&amp;</span> <span class='ocrx_word' id='word_1_164' title='bbox 248 2497 382 2565; x_wconf 74' lang='lat' dir='ltr'>asperyat</span> <span class='ocrx_word' id='word_1_165' title='bbox 395 2486 535 2545; x_wconf 80' lang='lat' dir='ltr'>Sacerdos</span> <span class='ocrx_word' id='word_1_166' title='bbox 547 2506 657 2562; x_wconf 80' lang='lat' dir='ltr'>aquam</span> <span class='ocrx_word' id='word_1_167' title='bbox 671 2485 855 2545; x_wconf 82' lang='lat' dir='ltr'>benedictam.</span> 
     </span>
    </p>
   </div>
   <div class='ocr_carea' id='block_1_6' title="bbox 70 2704 1247 2779">
    <p class='ocr_par' dir='ltr' id='par_1_7' title="bbox 70 2704 1247 2779">
     <span class='ocr_line' id='line_1_22' title="bbox 70 2704 1247 2779; baseline -0.006 -6"><span class='ocrx_word' id='word_1_168' title='bbox 70 2709 337 2773; x_wconf 77' lang='lat' dir='ltr'>BENEDIOTIO</span> <span class='ocrx_word' id='word_1_169' title='bbox 358 2706 579 2767; x_wconf 88' lang='lat' dir='ltr'>NOVORUM</span> <span class='ocrx_word' id='word_1_170' title='bbox 601 2704 846 2764; x_wconf 79' lang='lat' dir='ltr'><strong>FRUOTUUM</strong></span> <span class='ocrx_word' id='word_1_171' title='bbox 868 2704 1247 2779; x_wconf 82' lang='lat' dir='ltr'>QUORUMCUNQUE.</span> 
     </span>
    </p>
   </div>
   <div class='ocr_carea' id='block_1_7' title="bbox 69 2854 1259 3658">
    <p class='ocr_par' dir='ltr' id='par_1_8' title="bbox 117 2854 866 2922">
     <span class='ocr_line' id='line_1_23' title="bbox 117 2854 866 2922; baseline -0.012 -1"><span class='ocrx_word' id='word_1_172' title='bbox 117 2860 199 2922; x_wconf 77' lang='lat' dir='ltr'>Cum</span> <span class='ocrx_word' id='word_1_173' title='bbox 212 2858 360 2918; x_wconf 91' lang='lat' dir='ltr'>Dominus</span> <span class='ocrx_word' id='word_1_174' title='bbox 373 2857 524 2914; x_wconf 88' lang='lat' dir='ltr'>vobiscum</span> <span class='ocrx_word' id='word_1_175' title='bbox 537 2864 564 2913; x_wconf 85' lang='lat' dir='ltr'>et</span> <span class='ocrx_word' id='word_1_176' title='bbox 577 2854 711 2913; x_wconf 89' lang='lat' dir='ltr'>Oremus.</span> <span class='ocrx_word' id='word_1_177' title='bbox 756 2854 866 2913; x_wconf 78' lang='lat' dir='ltr'>Oratio.</span> 
     </span>
    </p>

    <p class='ocr_par' dir='ltr' id='par_1_9' title="bbox 69 2934 1259 3563">
     <span class='ocr_line' id='line_1_24' title="bbox 95 2934 1258 3014; baseline -0.004 -14"><span class='ocrx_word' id='word_1_178' title='bbox 95 2940 259 3011; x_wconf 79' lang='lat' dir='ltr'>Domine,</span> <span class='ocrx_word' id='word_1_179' title='bbox 283 2944 384 2996; x_wconf 77' lang='lat' dir='ltr'>sancte</span> <span class='ocrx_word' id='word_1_180' title='bbox 410 2937 508 3008; x_wconf 86' lang='lat' dir='ltr'>Pater,</span> <span class='ocrx_word' id='word_1_181' title='bbox 533 2934 720 3012; x_wconf 88' lang='lat' dir='ltr'>omnipotens</span> <span class='ocrx_word' id='word_1_182' title='bbox 744 2943 854 2993; x_wconf 85' lang='lat' dir='ltr'>aeternc</span> <span class='ocrx_word' id='word_1_183' title='bbox 881 2935 974 3008; x_wconf 92' lang='lat' dir='ltr'>Deus,</span> <span class='ocrx_word' id='word_1_184' title='bbox 999 2936 1052 3014; x_wconf 89' lang='lat' dir='ltr'>qui</span> <span class='ocrx_word' id='word_1_185' title='bbox 1079 2937 1258 2996; x_wconf 84' lang='lat' dir='ltr'>benedixisti</span> 
     </span>
     <span class='ocr_line' id='line_1_25' title="bbox 70 3015 1258 3099; baseline -0.003 -20"><span class='ocrx_word' id='word_1_186' title='bbox 70 3020 190 3099; x_wconf 67' lang='lat' dir='ltr'>pinque</span> <span class='ocrx_word' id='word_1_187' title='bbox 212 3038 304 3096; x_wconf 84' lang='lat' dir='ltr'>penes</span> <span class='ocrx_word' id='word_1_188' title='bbox 326 3019 358 3075; x_wconf 89' lang='lat' dir='ltr'>in</span> <span class='ocrx_word' id='word_1_189' title='bbox 380 3019 497 3076; x_wconf 88' lang='lat' dir='ltr'>deserto</span> <span class='ocrx_word' id='word_1_190' title='bbox 518 3022 549 3074; x_wconf 90' lang='lat' dir='ltr'>et</span> <span class='ocrx_word' id='word_1_191' title='bbox 572 3016 647 3073; x_wconf 88' lang='lat' dir='ltr'>duos</span> <span class='ocrx_word' id='word_1_192' title='bbox 669 3015 772 3093; x_wconf 84' lang='lat' dir='ltr'>pisces,</span> <span class='ocrx_word' id='word_1_193' title='bbox 787 3016 865 3073; x_wconf 89' lang='lat' dir='ltr'>unda</span> <span class='ocrx_word' id='word_1_194' title='bbox 886 3018 1012 3074; x_wconf 86' lang='lat' dir='ltr'>saturati</span> <span class='ocrx_word' id='word_1_195' title='bbox 1032 3023 1104 3075; x_wconf 92' lang='lat' dir='ltr'>sunt</span> <span class='ocrx_word' id='word_1_196' title='bbox 1126 3019 1258 3094; x_wconf 86' lang='lat' dir='ltr'>quinque</span> 
     </span>
     <span class='ocr_line' id='line_1_26' title="bbox 70 3095 1259 3176; baseline -0.003 -17"><span class='ocrx_word' id='word_1_197' title='bbox 70 3101 153 3163; x_wconf 84' lang='lat' dir='ltr'>uillis</span> <span class='ocrx_word' id='word_1_198' title='bbox 164 3100 339 3172; x_wconf 88' lang='lat' dir='ltr'>hominum;</span> <span class='ocrx_word' id='word_1_199' title='bbox 359 3099 401 3157; x_wconf 89' lang='lat' dir='ltr'>sio</span> <span class='ocrx_word' id='word_1_200' title='bbox 414 3095 632 3176; x_wconf 55' lang='lat' dir='ltr'>beneffldicere</span> <span class='ocrx_word' id='word_1_201' title='bbox 646 3101 677 3154; x_wconf 91' lang='lat' dir='ltr'>et</span> <span class='ocrx_word' id='word_1_202' title='bbox 697 3096 878 3154; x_wconf 77' lang='lat' dir='ltr'>sanctificare</span> <span class='ocrx_word' id='word_1_203' title='bbox 894 3097 1022 3173; x_wconf 77' lang='lat' dir='ltr'>digneris</span> <span class='ocrx_word' id='word_1_204' title='bbox 1035 3097 1115 3155; x_wconf 91' lang='lat' dir='ltr'>hunc</span> <span class='ocrx_word' id='word_1_205' title='bbox 1128 3099 1259 3156; x_wconf 83' lang='lat' dir='ltr'>fnrctum</span> 
     </span>
     <span class='ocr_line' id='line_1_27' title="bbox 69 3176 1258 3259; baseline -0.002 -18"><span class='ocrx_word' id='word_1_206' title='bbox 69 3200 146 3259; x_wconf 71' lang='lat' dir='ltr'>prem</span> <span class='ocrx_word' id='word_1_207' title='bbox 159 3179 321 3257; x_wconf 86' lang='lat' dir='ltr'>secipinius</span> <span class='ocrx_word' id='word_1_208' title='bbox 340 3179 373 3235; x_wconf 92' lang='lat' dir='ltr'>in</span> <span class='ocrx_word' id='word_1_209' title='bbox 393 3184 446 3236; x_wconf 91' lang='lat' dir='ltr'>tuo</span> <span class='ocrx_word' id='word_1_210' title='bbox 466 3184 567 3235; x_wconf 87' lang='lat' dir='ltr'>sancto</span> <span class='ocrx_word' id='word_1_211' title='bbox 587 3176 706 3234; x_wconf 91' lang='lat' dir='ltr'>nomine</span> <span class='ocrx_word' id='word_1_212' title='bbox 730 3184 761 3234; x_wconf 90' lang='lat' dir='ltr'>et</span> <span class='ocrx_word' id='word_1_213' title='bbox 783 3177 855 3235; x_wconf 86' lang='lat' dir='ltr'>Filii</span> <span class='ocrx_word' id='word_1_214' title='bbox 869 3178 915 3234; x_wconf 87' lang='lat' dir='ltr'>tui</span> <span class='ocrx_word' id='word_1_215' title='bbox 935 3178 1059 3235; x_wconf 91' lang='lat' dir='ltr'>Domini</span> <span class='ocrx_word' id='word_1_216' title='bbox 1077 3180 1170 3237; x_wconf 82' lang='lat' dir='ltr'>nostri</span> <span class='ocrx_word' id='word_1_217' title='bbox 1183 3181 1258 3239; x_wconf 84' lang='lat' dir='ltr'>Josu</span> 
     </span>
     <span class='ocr_line' id='line_1_28' title="bbox 69 3258 1257 3336; baseline -0.003 -15"><span class='ocrx_word' id='word_1_218' title='bbox 69 3262 181 3333; x_wconf 64' lang='lat' dir='ltr'>anisti,</span> <span class='ocrx_word' id='word_1_219' title='bbox 202 3268 238 3317; x_wconf 91' lang='lat' dir='ltr'>ut</span> <span class='ocrx_word' id='word_1_220' title='bbox 257 3260 310 3335; x_wconf 91' lang='lat' dir='ltr'>qui</span> <span class='ocrx_word' id='word_1_221' title='bbox 331 3258 511 3334; x_wconf 88' lang='lat' dir='ltr'>sumpserint</span> <span class='ocrx_word' id='word_1_222' title='bbox 524 3277 562 3314; x_wconf 90' lang='lat' dir='ltr'>ex</span> <span class='ocrx_word' id='word_1_223' title='bbox 586 3277 621 3315; x_wconf 91' lang='lat' dir='ltr'>eo</span> <span class='ocrx_word' id='word_1_224' title='bbox 643 3258 789 3334; x_wconf 79' lang='lat' dir='ltr'>accipiant</span> <span class='ocrx_word' id='word_1_225' title='bbox 802 3258 989 3315; x_wconf 75' lang='lat' dir='ltr'>saturitatem</span> <span class='ocrx_word' id='word_1_226' title='bbox 1013 3259 1131 3330; x_wconf 87' lang='lat' dir='ltr'>mentis,</span> <span class='ocrx_word' id='word_1_227' title='bbox 1145 3268 1257 3336; x_wconf 87' lang='lat' dir='ltr'>proteo-</span> 
     </span>
     <span class='ocr_line' id='line_1_29' title="bbox 69 3337 1259 3417; baseline -0.003 -15"><span class='ocrx_word' id='word_1_228' title='bbox 69 3340 170 3403; x_wconf 87' lang='lat' dir='ltr'>ionem</span> <span class='ocrx_word' id='word_1_229' title='bbox 190 3339 329 3417; x_wconf 89' lang='lat' dir='ltr'>corporis,</span> <span class='ocrx_word' id='word_1_230' title='bbox 343 3339 469 3396; x_wconf 77' lang='lat' dir='ltr'>tutelam</span> <span class='ocrx_word' id='word_1_231' title='bbox 490 3337 602 3409; x_wconf 78' lang='lat' dir='ltr'>salutis,</span> <span class='ocrx_word' id='word_1_232' title='bbox 617 3339 805 3396; x_wconf 81' lang='lat' dir='ltr'>securitatem</span> <span class='ocrx_word' id='word_1_233' title='bbox 823 3339 895 3414; x_wconf 89' lang='lat' dir='ltr'>spei,</span> <span class='ocrx_word' id='word_1_234' title='bbox 909 3339 1175 3397; x_wconf 80' lang='lat' dir='ltr'>corroborationem</span> <span class='ocrx_word' id='word_1_235' title='bbox 1189 3341 1259 3399; x_wconf 87' lang='lat' dir='ltr'>fidei</span> 
     </span>
     <span class='ocr_line' id='line_1_30' title="bbox 69 3418 1258 3497; baseline -0.003 -15"><span class='ocrx_word' id='word_1_236' title='bbox 69 3430 88 3483; x_wconf 84' lang='lat' dir='ltr'>t</span> <span class='ocrx_word' id='word_1_237' title='bbox 108 3422 308 3481; x_wconf 67' lang='lat' dir='ltr'>eternitatem</span> <span class='ocrx_word' id='word_1_238' title='bbox 330 3419 460 3497; x_wconf 85' lang='lat' dir='ltr'>Spiritus</span> <span class='ocrx_word' id='word_1_239' title='bbox 482 3418 590 3477; x_wconf 75' lang='lat' dir='ltr'>Sancti.</span> <span class='ocrx_word' id='word_1_240' title='bbox 637 3419 697 3476; x_wconf 89' lang='lat' dir='ltr'>Per</span> <span class='ocrx_word' id='word_1_241' title='bbox 717 3419 843 3477; x_wconf 90' lang='lat' dir='ltr'>eundem</span> <span class='ocrx_word' id='word_1_242' title='bbox 865 3418 1035 3480; x_wconf 89' lang='lat' dir='ltr'>Dominum.</span> <span class='ocrx_word' id='word_1_243' title='bbox 1081 3420 1119 3476; x_wconf 92' lang='lat' dir='ltr'>In</span> <span class='ocrx_word' id='word_1_244' title='bbox 1142 3423 1258 3479; x_wconf 84' lang='lat' dir='ltr'>unitate</span> 
     </span>
     <span class='ocr_line' id='line_1_31' title="bbox 69 3503 200 3563; baseline -0.031 0"><span class='ocrx_word' id='word_1_245' title='bbox 69 3503 200 3563; x_wconf 68' lang='lat' dir='ltr'>rusdem.</span> 
     </span>
    </p>

    <p class='ocr_par' dir='ltr' id='par_1_10' title="bbox 69 3524 628 3658">
     <span class='ocr_line' id='line_1_32' title="bbox 69 3524 628 3658; baseline -0.011 -16"><span class='ocrx_word' id='word_1_246' title='bbox 69 3524 84 3583; x_wconf 82' lang='lat' dir='ltr'>J</span> <span class='ocrx_word' id='word_1_247' title='bbox 119 3583 462 3658; x_wconf 71' lang='lat' dir='ltr'>Hicaopcrqaturaqaa</span> <span class='ocrx_word' id='word_1_248' title='bbox 476 3578 628 3638; x_wconf 75' lang='lat' dir='ltr'>berwdicta.</span> 
     </span>
    </p>
   </div>
   <div class='ocr_carea' id='block_1_8' title="bbox 126 3790 1195 3863">
    <p class='ocr_par' dir='ltr' id='par_1_11' title="bbox 126 3790 1195 3863">
     <span class='ocr_line' id='line_1_33' title="bbox 126 3790 1195 3863; baseline -0.003 -9"><span class='ocrx_word' id='word_1_249' title='bbox 126 3792 390 3854; x_wconf 74' lang='lat' dir='ltr'>BENEDIC&#39;I&#39;IO</span> <span class='ocrx_word' id='word_1_250' title='bbox 410 3792 473 3850; x_wconf 83' lang='lat' dir='ltr'>AD</span> <span class='ocrx_word' id='word_1_251' title='bbox 495 3790 640 3850; x_wconf 81' lang='lat' dir='ltr'>OMNIA</span> <span class='ocrx_word' id='word_1_252' title='bbox 662 3792 947 3863; x_wconf 81' lang='lat' dir='ltr'>QUAEOUNQUE</span> <span class='ocrx_word' id='word_1_253' title='bbox 968 3791 1195 3851; x_wconf 83' lang='lat' dir='ltr'>VOLUERIS.</span> 
     </span>
    </p>
   </div>
   <div class='ocr_carea' id='block_1_9' title="bbox 67 3938 1263 4344">
    <p class='ocr_par' dir='ltr' id='par_1_12' title="bbox 120 3938 870 4004">
     <span class='ocr_line' id='line_1_34' title="bbox 120 3938 870 4004; baseline -0.007 -1"><span class='ocrx_word' id='word_1_254' title='bbox 120 3942 202 4004; x_wconf 78' lang='lat' dir='ltr'>Ost-m</span> <span class='ocrx_word' id='word_1_255' title='bbox 215 3940 365 3999; x_wconf 88' lang='lat' dir='ltr'>Dominus</span> <span class='ocrx_word' id='word_1_256' title='bbox 377 3938 530 3998; x_wconf 82' lang='lat' dir='ltr'>vobiscum</span> <span class='ocrx_word' id='word_1_257' title='bbox 543 3947 569 3997; x_wconf 86' lang='lat' dir='ltr'>et</span> <span class='ocrx_word' id='word_1_258' title='bbox 583 3938 715 3999; x_wconf 67' lang='lat' dir='ltr'>Oremus.</span> <span class='ocrx_word' id='word_1_259' title='bbox 760 3939 870 3998; x_wconf 81' lang='lat' dir='ltr'>Oratio.</span> 
     </span>
    </p>

    <p class='ocr_par' dir='ltr' id='par_1_13' title="bbox 67 4017 1263 4344">
     <span class='ocr_line' id='line_1_35' title="bbox 118 4017 1259 4096; baseline -0.004 -15"><span class='ocrx_word' id='word_1_260' title='bbox 118 4023 247 4083; x_wconf 76' lang='lat' dir='ltr'>Orestas·</span> <span class='ocrx_word' id='word_1_261' title='bbox 272 4027 305 4079; x_wconf 89' lang='lat' dir='ltr'>et</span> <span class='ocrx_word' id='word_1_262' title='bbox 329 4025 517 4079; x_wconf 83' lang='lat' dir='ltr'>conservator</span> <span class='ocrx_word' id='word_1_263' title='bbox 543 4019 667 4076; x_wconf 80' lang='lat' dir='ltr'>humani</span> <span class='ocrx_word' id='word_1_264' title='bbox 692 4021 816 4096; x_wconf 82' lang='lat' dir='ltr'>generis,</span> <span class='ocrx_word' id='word_1_265' title='bbox 845 4020 932 4076; x_wconf 85' lang='lat' dir='ltr'>dator</span> <span class='ocrx_word' id='word_1_266' title='bbox 957 4020 1060 4095; x_wconf 75' lang='lat' dir='ltr'>gratiss</span> <span class='ocrx_word' id='word_1_267' title='bbox 1087 4017 1259 4094; x_wconf 85' lang='lat' dir='ltr'>spiritualis,</span> 
     </span>
     <span class='ocr_line' id='line_1_36' title="bbox 67 4098 1263 4184; baseline -0.003 -22"><span class='ocrx_word' id='word_1_268' title='bbox 67 4105 186 4184; x_wconf 75' lang='lat' dir='ltr'>ugitor</span> <span class='ocrx_word' id='word_1_269' title='bbox 212 4109 330 4160; x_wconf 79' lang='lat' dir='ltr'>oeteruae</span> <span class='ocrx_word' id='word_1_270' title='bbox 357 4101 470 4171; x_wconf 81' lang='lat' dir='ltr'>solutis,</span> <span class='ocrx_word' id='word_1_271' title='bbox 493 4105 536 4171; x_wconf 90' lang='lat' dir='ltr'>tu,</span> <span class='ocrx_word' id='word_1_272' title='bbox 559 4099 697 4170; x_wconf 90' lang='lat' dir='ltr'>Domine,</span> <span class='ocrx_word' id='word_1_273' title='bbox 718 4100 805 4156; x_wconf 84' lang='lat' dir='ltr'>mitte</span> <span class='ocrx_word' id='word_1_274' title='bbox 834 4098 979 4175; x_wconf 86' lang='lat' dir='ltr'>Spiritum</span> <span class='ocrx_word' id='word_1_275' title='bbox 1007 4099 1148 4156; x_wconf 85' lang='lat' dir='ltr'>Sanctum</span> <span class='ocrx_word' id='word_1_276' title='bbox 1175 4105 1263 4158; x_wconf 90' lang='lat' dir='ltr'>tuum</span> 
     </span>
     <span class='ocr_line' id='line_1_37' title="bbox 67 4178 1261 4267; baseline -0.004 -24"><span class='ocrx_word' id='word_1_277' title='bbox 67 4204 148 4267; x_wconf 83' lang='lat' dir='ltr'>uper</span> <span class='ocrx_word' id='word_1_278' title='bbox 170 4183 248 4241; x_wconf 75' lang='lat' dir='ltr'>hanc</span> <span class='ocrx_word' id='word_1_279' title='bbox 270 4188 435 4240; x_wconf 72' lang='lat' dir='ltr'>creaturum</span> <span class='ocrx_word' id='word_1_280' title='bbox 456 4180 508 4253; x_wconf 71' lang='lat' dir='ltr'>N„</span> <span class='ocrx_word' id='word_1_281' title='bbox 529 4185 689 4237; x_wconf 79' lang='lat' dir='ltr'>utarmats</span> <span class='ocrx_word' id='word_1_282' title='bbox 709 4178 822 4236; x_wconf 78' lang='lat' dir='ltr'>virtute</span> <span class='ocrx_word' id='word_1_283' title='bbox 843 4178 966 4235; x_wconf 69' lang='lat' dir='ltr'>celestis</span> <span class='ocrx_word' id='word_1_284' title='bbox 990 4178 1176 4250; x_wconf 85' lang='lat' dir='ltr'>defensionis,</span> <span class='ocrx_word' id='word_1_285' title='bbox 1196 4182 1261 4256; x_wconf 90' lang='lat' dir='ltr'>qui-</span> 
     </span>
     <span class='ocr_line' id='line_1_38' title="bbox 67 4257 1262 4344; baseline -0.004 -21"><span class='ocrx_word' id='word_1_286' title='bbox 67 4283 179 4344; x_wconf 81' lang='lat' dir='ltr'>unque</span> <span class='ocrx_word' id='word_1_287' title='bbox 200 4282 241 4321; x_wconf 82' lang='lat' dir='ltr'>ex</span> <span class='ocrx_word' id='word_1_288' title='bbox 262 4281 298 4321; x_wconf 81' lang='lat' dir='ltr'>ee</span> <span class='ocrx_word' id='word_1_289' title='bbox 319 4262 514 4338; x_wconf 70' lang='lat' dir='ltr'>gestaverint,</span> <span class='ocrx_word' id='word_1_290' title='bbox 534 4260 669 4337; x_wconf 83' lang='lat' dir='ltr'>proficiet</span> <span class='ocrx_word' id='word_1_291' title='bbox 693 4257 753 4315; x_wconf 89' lang='lat' dir='ltr'>illis</span> <span class='ocrx_word' id='word_1_292' title='bbox 780 4259 818 4317; x_wconf 84' lang='lat' dir='ltr'>ad</span> <span class='ocrx_word' id='word_1_293' title='bbox 842 4259 976 4332; x_wconf 78' lang='lat' dir='ltr'>salutem,</span> <span class='ocrx_word' id='word_1_294' title='bbox 998 4265 1029 4317; x_wconf 92' lang='lat' dir='ltr'>et</span> <span class='ocrx_word' id='word_1_295' title='bbox 1049 4265 1112 4317; x_wconf 82' lang='lat' dir='ltr'>tem</span> <span class='ocrx_word' id='word_1_296' title='bbox 1132 4262 1262 4336; x_wconf 87' lang='lat' dir='ltr'>corporis</span> 
     </span>
    </p>
   </div>
   <div class='ocr_carea' id='block_1_10' title="bbox 67 4336 890 4500">
    <p class='ocr_par' dir='ltr' id='par_1_14' title="bbox 67 4336 890 4500">
     <span class='ocr_line' id='line_1_39' title="bbox 67 4336 890 4430; baseline -0.009 -27"><span class='ocrx_word' id='word_1_297' title='bbox 67 4366 150 4430; x_wconf 58' lang='lat' dir='ltr'>quam</span> <span class='ocrx_word' id='word_1_298' title='bbox 164 4343 272 4402; x_wconf 79' lang='lat' dir='ltr'>snimoe</span> <span class='ocrx_word' id='word_1_299' title='bbox 282 4342 425 4419; x_wconf 84' lang='lat' dir='ltr'>recipisnt</span> <span class='ocrx_word' id='word_1_300' title='bbox 438 4342 604 4400; x_wconf 76' lang='lat' dir='ltr'>sanitatem.</span> <span class='ocrx_word' id='word_1_301' title='bbox 646 4336 707 4394; x_wconf 90' lang='lat' dir='ltr'>Per</span> <span class='ocrx_word' id='word_1_302' title='bbox 720 4337 890 4398; x_wconf 87' lang='lat' dir='ltr'>Dominum</span> 
     </span>
     <span class='ocr_line' id='line_1_40' title="bbox 117 4419 779 4500; baseline -0.011 -15"><span class='ocrx_word' id='word_1_303' title='bbox 117 4425 183 4486; x_wconf 80' lang='lat' dir='ltr'>Ilio</span> <span class='ocrx_word' id='word_1_304' title='bbox 195 4431 370 4500; x_wconf 65' lang='lat' dir='ltr'>emereatur</span> <span class='ocrx_word' id='word_1_305' title='bbox 381 4442 463 4498; x_wconf 79' lang='lat' dir='ltr'>oque</span> <span class='ocrx_word' id='word_1_306' title='bbox 475 4419 624 4481; x_wconf 70' lang='lat' dir='ltr'>bmedicta</span> <span class='ocrx_word' id='word_1_307' title='bbox 636 4434 724 4491; x_wconf 76' lang='lat' dir='ltr'>steper</span> <span class='ocrx_word' id='word_1_308' title='bbox 737 4437 779 4478; x_wconf 89' lang='lat' dir='ltr'>ea.</span> 
     </span>
    </p>
   </div>
   <div class='ocr_carea' id='block_1_11' title="bbox 0 0 1388 4852">
    <p class='ocr_par' dir='ltr' id='par_1_15' title="bbox 0 0 1388 4852">
     <span class='ocr_line' id='line_1_41' title="bbox 0 0 1388 4852; baseline 0 1"><span class='ocrx_word' id='word_1_309' title='bbox 0 0 1388 4852; x_wconf 95' lang='lat' dir='ltr'> </span> 
     </span>
    </p>
   </div>
  </div>
 </body>
</html>
