2768 4852
382 375 501 444 Unctio
522 376 693 442 Eutrerno.
922 375 924 379 ’
1092 378 1134 442 s1

71 561 231 620 cessionem
241 560 337 620 beatae
350 559 456 619 Maris
469 559 594 637 virginis
605 565 636 617 et
647 557 782 617 omnium
795 563 975 631 sanctornm,
987 557 1141 639 indulgeat

71 662 145 718 rinus
159 659 301 737 quiequid
314 658 442 737 peccasti
456 679 508 736 per
520 658 640 717 illicitas
653 658 856 735 cogitationes.
899 659 1008 718 Amen.

71 757 277 830 rnnsbilicssm,
291 757 410 816 diem:

71 854 156 911 istam
169 860 304 911 sanctam
317 849 529 932 uncvxstionem
543 857 575 910 et
588 870 672 909 suam
686 851 849 927 piissimam
863 851 1094 911 misecicordiam
1108 858 1139 912 et

71 953 228 1010 cessionem
238 952 332 1009 bcatse
346 949 452 1008 Marito
466 949 591 1027 virginis
603 956 635 1008 et
648 950 781 1007 omnium
796 956 976 1024 sanctorum,
986 950 1140 1028 indulgeat

71 1050 145 1106 tinus
158 1047 301 1125 quicquid
313 1046 443 1125 peccasti
455 1065 509 1124 per
521 1047 657 1105 ardorem
671 1045 811 1103 libidinis
853 1047 964 1106 Amen.

71 1145 146 1204 >letio
159 1144 316 1204 unctionis.

71 1241 166 1300 omine
186 1241 285 1300 Patris
305 1247 336 1300 et
356 1240 427 1298 Filii
448 1246 479 1298 et
499 1239 629 1318 Spiritus
649 1238 753 1298 Sancti
772 1238 813 1297 sit
834 1239 890 1297 tibi
906 1239 969 1298 haec
982 1239 1085 1298 unctio
1098 1240 1137 1299 ud

71 1344 163 1396 onem
177 1338 286 1396 mentis
299 1343 331 1396 et
351 1337 481 1414 corporis
495 1343 526 1395 et
546 1336 585 1394 ad
602 1336 756 1394 munimen
777 1342 809 1394 et
821 1335 1019 1395 defensionem
1033 1342 1137 1397 contra

71 1436 258 1494 imundorum
270 1434 441 1513 spirituum.
483 1434 592 1492 Amen.

71 1535 126 1592 dos
142 1532 217 1592 host
238 1551 347 1591 mnus
367 1551 439 1591 snos
452 1550 519 1590 cnm
531 1531 591 1591 sols
605 1540 632 1590 et
649 1551 730 1606 aquo
750 1530 784 1589 in
805 1550 871 1589 cass
884 1550 941 1607 qno
955 1539 1068 1607 stuppis
1081 1530 1137 1591 olei

71 1653 78 1668 ·
99 1651 166 1707 quos
184 1630 252 1707 ione
272 1639 448 1690 demantur.
496 1629 602 1689 Postea
621 1628 954 1689 discernendarum
976 1628 1135 1689 orationem

71 1747 142 1786 mus.

71 1825 116 1882 'ure
133 1824 226 1895 Deus,
242 1823 381 1882 Salvator
397 1827 508 1895 noster,
524 1822 577 1899 qui
595 1841 626 1879 es
640 1841 712 1879 vcra
731 1822 811 1880 salus
826 1827 857 1879 ct
870 1822 1026 1895 medicina,
1042 1842 1060 1880 a
1074 1842 1133 1900 quo

72 1921 273 1991 dicamentum
288 1918 380 1990 venit,
394 1919 509 1997 quique·
525 1917 548 1975 J
548 1918 632 1976 scobi
645 1917 772 1994 apostoli
786 1919 832 1975 tui
845 1937 916 1977 voce
935 1938 990 1977 nos
1009 1919 1136 1978 instruis

71 2017 126 2074 dos
135 2016 193 2075 olei
203 2016 318 2093 liquore
328 2020 485 2092 tangentes
494 2020 555 2072 tuae
565 2013 748 2091 postulemus
759 2015 989 2074 misericordiam
999 2015 1120 2092 pietatis
1126 2036 1136 2090 ;

71 2115 196 2192 sopitius
210 2133 298 2191 super
317 2112 398 2172 huno
410 2112 556 2171 famulum
571 2118 658 2169 tuum
674 2112 723 2185 N.,
738 2119 870 2188 atquem
885 2113 1009 2191 languor
1022 2115 1136 2174 cruciat

71 2233 92 2269 n
106 2219 138 2270 et
148 2211 258 2269 virium
272 2210 404 2269 defectus
417 2210 512 2268 trahit
525 2210 563 2267 sd
577 2228 720 2281 occasum,
732 2210 847 2268 medela
860 2217 920 2268 tuae
934 2212 1038 2287 gratiss
1051 2213 1135 2272 resti-

71 2309 192 2367 alutem.
235 2308 314 2366 Sana
333 2326 459 2384 quoque,
475 2325 653 2383 quaesumus,
668 2306 806 2376 Domine,
821 2307 955 2364 omnium
972 2308 1135 2367 medicator

84 2412 261 2462 cunctorum
281 2404 458 2481 languorum
472 2403 629 2475 cruciatus,
650 2402 923 2479 aegritudinumquo
945 2408 976 2460 et
998 2403 1133 2462 dolorum

92 2501 220 2559 dissolve
252 2507 409 2573 tormenta,
440 2499 587 2558 viscerrnn
621 2518 655 2557 ac
689 2498 823 2556 cordium
857 2498 976 2555 interna
1010 2499 1132 2572 medica,

71 2617 127 2656 um
148 2617 266 2675 quoque
286 2603 317 2656 ct
336 2597 550 2675 cogitationum
568 2615 641 2654 sana
654 2594 825 2652 discrimina
834 2615 843 2668 3
864 2594 995 2652 ulcerum
1009 2595 1135 2653 varieta-

74 2695 247 2773 putredines
273 2714 382 2752 evacua
392 2713 402 2767 3
435 2693 682 2752 conscientiarum
704 2697 795 2767 atque
816 2691 971 2768 plagarum
994 2691 1134 2752 obducito

71 2813 74 2847 ι
96 2797 220 2862 veteres,
235 2792 452 2867 immensasque
474 2810 592 2848 remove
614 2789 781 2866 passiones:
809 2790 906 2847 earnis
926 2808 960 2846 ac
981 2788 1133 2865 sanguinis

71 2909 79 2946 ι
105 2887 242 2958 reforma,
262 2886 496 2967 delictorque
524 2892 698 2944 cunctorum
721 2862 1151 2963 veniam

71 2959 333 3061 fitia-iugiter
356 2983 514 3054 custodiat,
534 2988 570 3039 ut
593 3001 647 3040 nec
671 2981 710 3039 ad
732 2983 950 3059 corruptionem
973 2983 1133 3060 aliquando

71 3103 113 3141 rec
127 3083 165 3141 ad
178 3083 384 3160 perditionem,
395 3101 476 3140 nunc
486 3088 517 3139 te
527 3081 703 3153 auxiliante,
714 3081 856 3157 perducat
864 3081 1031 3141 infirmitas.
1075 3082 1133 3142 Sed

71 3202 112 3240 aec
126 3182 183 3239 olei
196 3181 304 3239 sacrati
316 3181 473 3258 perunctio
490 3181 594 3238 mortis
616 3188 647 3237 ct
669 3179 765 3236 morbi
786 3186 876 3256 atque
897 3180 1048 3258 languoris
1061 3201 1132 3257 praa

71 3279 165 3356 pulaio
179 3284 210 3336 et
223 3284 409 3354 peccatorum
422 3277 556 3334 omnium
570 3281 711 3352 exoptata
726 3276 867 3335 remissio.
911 3279 971 3348 Qui
985 3298 1052 3336 cum
1067 3279 1132 3336 Deo

71 3376 107 3434 ris
121 3381 152 3433 et
165 3394 271 3453 regnas
284 3373 367 3433 Deus
380 3393 433 3451 per
446 3373 547 3431 omnia
560 3372 666 3430 ssecula
679 3373 860 3431 saeculorum.
902 3374 1011 3433 Amen.

71 3497 76 3531 t
92 3474 229 3532 sanctiens
249 3472 384 3544 totaliter,
398 3472 551 3548 expediens
568 3480 608 3530 est
621 3480 655 3528 ut
668 3469 808 3529 Sacerdos
821 3480 889 3530 ante
903 3473 1133 3533 communionem

71 3571 109 3630 as
122 3571 243 3646 infimo
255 3589 297 3627 cn
310 3569 415 3645 aliquo
434 3568 497 3626 olio
513 3577 634 3645 peccato
650 3568 706 3627 sibi
724 3569 765 3626 od
782 3570 953 3628 nsemorions
966 3579 1131 3644 occurrant,

71 3688 167 3728 enon
189 3677 253 3726 erat
276 3667 442 3747 scissemus..
474 3665 557 3725 Nam
575 3675 672 3744 posset
696 3687 752 3725 esse
773 3668 852 3743 qnod
871 3678 926 3726 aut
940 3689 996 3745 per
1016 3671 1133 3727 devotas

79 3764 247 3828 Sacerdotis
263 3766 322 3823 sice
340 3764 468 3823 oliorum
482 3764 565 3823 Dens
583 3785 631 3823 cor
648 3764 763 3839 infirmi
779 3764 949 3835 illustraret,
965 3774 991 3823 et
1007 3767 1132 3838 doretei

73 3865 172 3922 cerices
195 3872 222 3922 et
240 3860 362 3938 plenius
380 3860 517 3936 confiteri.
559 3860 601 3917 Et
615 3868 718 3935 postea
737 3859 893 3934 interroget
906 3879 971 3916 enm
991 3859 1131 3918 Sacerdos

71 3968 153 4020 secat
176 3957 291 4036 Corpus
313 3967 340 4018 et
366 3956 550 4033 Sanguinem
573 3956 699 4015 Domini
726 3956 820 4015 nostri
843 3956 917 4014 Jesn
942 3955 1063 4027 Chresti,
1089 3954 1131 4015 sio

71 4176 96 4227 r,
111 4154 208 4214 credis
227 4154 307 4230 quod
327 4160 544 4213 sacramentum
565 4152 645 4228 quod
658 4156 807 4209 tractatur
819 4150 852 4206 in
866 4149 954 4207 altari
968 4150 1024 4209 sub
1036 4149 1132 4210 forma

73 4271 181 4311 verum
196 4249 310 4327 Corpus
323 4257 355 4308 et
368 4249 494 4326 Sanguis
507 4247 633 4307 Domini
645 4246 743 4305 nostri
755 4247 777 4306 J
778 4266 830 4305 esu
845 4246 965 4306 Christi
1007 4247 1133 4327 Respon-

71 4369 142 4409 mus
154 4347 255 4406 diceres
263 4371 273 4407 :
294 4345 399 4405 credo.

71 4448 97 4508 ls
121 4444 352 4507 communicetis
373 4443 520 4520 infirmus,
540 4439 603 4502 nissi
620 4440 711 4517 prins
734 4440 964 4501 commaneant
983 4440 1088 4517 suerit,
1107 4450 1135 4504 st
