2768 4852
390 99 557 165 Manuale
572 99 619 165 ud
633 120 736 166 issum
751 100 886 166 Sarum.
1181 103 1241 165 63*

51 258 187 326 heines
206 276 232 324 et
252 264 448 342 Respmorie
467 266 503 324 de
524 266 607 340 tertio
627 264 799 324 Nocturno:
820 267 865 324 ita
878 274 976 324 tamen
991 268 1068 342 qiud
1087 285 1197 343 semper
1208 265 1244 323 in

51 347 130 405 ertia
150 357 177 407 et
203 356 284 405 senta
306 345 397 405 It'eria
423 346 464 404 sit
491 346 609 404 tertium
633 345 867 422 Responsosinnn
893 346 1001 405 Libere
1024 366 1079 418 me,
1105 346 1241 415 Domine,

51 419 86 481 le
97 427 151 485 viis
163 428 281 485 inferni

107 521 148 580 Iu
165 521 307 596 obsequiis
330 529 514 579 mortuom
537 540 605 578 enm
623 539 723 578 nosen
743 519 874 580 Psalmis
893 530 919 579 et
940 521 1032 580 tribus
1051 522 1241 595 lectionibus,

51 603 163 660 estium
196 601 422 677 Respassmiam
455 620 611 676 nunquam
643 608 796 675 repetatur.
855 601 931 659 Ante
964 602 1089 674 Laudes,
1125 605 1244 678 qnando

51 691 207 820 water
233 681 353 775 Daades
375 681 593 773 sustinnisset
615 700 636 738 a
658 680 744 738 Festo
770 680 885 739 Sancta
910 681 1067 741 Trinitatis
1089 701 1179 774 usqne
1203 685 1244 742 ad

51 801 121 902 {acen
135 761 508 918 mffliuffielslneterum,
518 760 599 819 duat
611 759 751 821 Sasndos
763 759 842 819 datu
861 761 988 834 Versum,
999 761 1199 838 Requieseant
1211 784 1244 822 1n

103 939 144 998 In
156 939 313 997 Laudibus
324 937 382 996 kae
395 936 458 996 sola
470 937 649 1013 Antiphone.
695 937 885 995 Exultebunt
898 937 1036 996 Domino.

104 1020 250 1078 Psoi-mes.
293 1018 444 1076 Miserere.

104 1098 250 1159 Psalmes.
293 1099 335 1156 Te
348 1098 440 1156 deoet.

104 1179 250 1240 Psalmas.
293 1179 384 1250 Deus,
400 1178 484 1235 Deus
497 1195 586 1235 meus.

104 1258 249 1319 Psalmus.
293 1259 358 1335 Ego
372 1258 444 1316 dixi.

103 1340 250 1399 Psaimus.
293 1338 428 1396 Laudato
441 1337 606 1395 Dominum
620 1337 656 1394 de
669 1336 755 1395 oaelis.

101 1432 236 1509 Repetite
248 1430 423 1507 Antiphone
438 1439 505 1507 post
518 1429 653 1489 Pselmos
672 1430 752 1488 disat
772 1429 910 1488 Sacerdos
930 1430 1054 1490 Vennoni.
1098 1433 1244 1510 Requiem

51 1521 192 1573 eternum.

103 1593 189 1669 Resp.
232 1591 275 1648 Et
288 1591 342 1649 lux
355 1595 505 1667 perpetus.

101 1671 284 1748 Antiphone.
327 1671 391 1746 Ego
405 1689 479 1729 sum.

101 1753 251 1813 Psalmus.
295 1750 483 1808 Benedictus.

101 1833 260 1909 Sequatur.
304 1831 403 1907 Kyn'e
417 1829 543 1906 eleyson.
586 1829 704 1889 Christe
718 1831 843 1907 eleyson.
886 1831 984 1908 Kyrie
998 1833 1121 1908 eleyson.

102 1914 198 1973 Pater
211 1917 318 1971 noster.
362 1910 477 1968 Deinde
490 1910 552 1968 sine
560 1911 810 1986 proesentiationa
827 1912 867 1969 Et
880 1931 918 1969 ne
931 1931 993 1969 nos.

103 1994 235 2053 Dieatur
248 1991 310 2051 sins
323 2000 395 2049 nota
408 1989 461 2049 iste
474 1989 612 2049 Psalmes
621 2015 631 2050 .·
651 1991 799 2049 Exeltebo
812 1998 850 2049 te.

100 2087 219 2146 Deinde
230 2085 309 2144 duat
322 2084 480 2143 Sacerdos:

101 2167 252 2243 Requiem
265 2172 415 2223 niernum.

145 2247 188 2304 Et
199 2246 255 2303 lux
268 2249 418 2321 perpetua.

100 2328 136 2384 A
149 2332 236 2402 ports
249 2324 345 2383 inferi.

145 2406 235 2476 Erue,
250 2405 388 2462 Domine.

102 2486 202 2546 emdo
215 2485 323 2543 videre.

125 2604 131 2616 ·
145 2567 186 2624 In
199 2571 280 2623 terre
291 2563 468 2623 viventium.

103 2647 255 2705 Dominus
268 2644 429 2702 vobiscum
473 2641 606 2700 Oremus.

104 2726 218 2785 Oratio.
262 2725 344 2782 Deus
357 2724 442 2800 eujus
456 2722 669 2780 misericordius.

105 2806 217 2865 Oratio.
260 2804 387 2876 Inclins,
402 2803 539 2874 Domine,
554 2822 663 2861 susem.

105 2900 148 2956 Iit
167 2898 322 2972 finiantur
347 2897 402 2955 seb
428 2915 493 2954 nna
520 2895 721 2955 terminatione
748 2896 789 2956 sie
816 2897 875 2955 Per
903 2897 1055 2956 Christum
1083 2899 1247 2959 Dominum

51 2985 189 3042 nostrum.

104 3060 263 3135 Sequatur.
306 3057 440 3115 Oremus.

105 3139 222 3199 Deinde
241 3137 383 3195 dicenter
400 3136 552 3195 Orationes
567 3155 623 3210 pro
643 3136 788 3211 ‹lesanetis
796 3137 1005 3210 familiaribus
1026 3142 1067 3198 ad
1081 3141 1228 3216 piscinam

51 3222 153 3301 usibus
165 3217 291 3294 supletis,
306 3226 446 3292 sequatur
461 3215 561 3274 Oratio
574 3217 716 3286 yeneralis
729 3218 763 3275 in
777 3220 930 3277 eiidieutia
942 3220 1055 3291 scilieet,
1070 3220 1245 3290 Animabus,

51 3319 224 3381 luaesumus,
240 3298 376 3369 Domine,
392 3317 457 3372 quse
476 3296 646 3354 tesnunetsn·
658 3298 699 3355 sie
709 3322 718 3356 .·
740 3298 883 3366 Quicum
901 3300 965 3358 Deo
985 3301 1074 3357 Patre
1088 3308 1118 3357 et
1132 3301 1246 3378 Spiritu

51 3388 166 3453 taneto,
182 3378 259 3437 vivis
272 3384 303 3436 et
316 3397 421 3455 regnes
434 3377 526 3448 Deus,
542 3375 602 3432 Per
614 3377 713 3434 omnis
726 3378 831 3435 sucula
844 3380 1025 3436 sesculolum

105 3461 192 3536 Besp.
236 3459 344 3516 Amen.
388 3457 588 3533 Roqmesssnt
601 3456 634 3512 in
647 3476 724 3532 pute.

106 3541 192 3616 Resp.
234 3539 343 3610 Amen,
358 3539 420 3597 sine
434 3537 580 3596 Dominus
594 3537 751 3595 vobiscum.

107 3620 236 3693 Qieando
259 3620 377 3676 Laidos
397 3638 458 3677 non
480 3626 643 3694 sequuntur
670 3618 813 3674 continue
830 3625 897 3690 post
922 3616 1077 3685 Lectiones,
1097 3623 1131 3671 nt
1151 3636 1171 3673 o
1190 3616 1247 3674 Dis

51 3703 231 3762 Animarum
251 3718 342 3774 usque
362 3700 403 3757 ad
430 3709 570 3775 quartum
592 3698 712 3756 Feriam
732 3705 799 3753 ante
820 3696 942 3767 I’aselta,
963 3704 1031 3751 tene
1050 3713 1111 3751 nen
1130 3695 1248 3753 dicatur

51 3792 114 3843 ante
127 3781 246 3840 Laudes
266 3780 436 3853 l’ersisnius,
452 3779 651 3855 Requiescsut
671 3779 703 3833 in
724 3795 813 3852 puce;
832 3776 882 3832 sed
890 3783 957 3850 post
970 3773 1110 3831 ultimum
1124 3774 1248 3850 Respea

51 3864 162 3925 serium
175 3862 292 3920 (licetur
303 3885 312 3920 :

107 3943 207 4018 Kysis
221 3942 345 4016 eleyson.
389 3939 507 3998 Christe
519 3939 645 4013 eleyson.
690 3937 786 4011 Kyrie
800 3935 924 4010 eleyson.

107 4025 202 4082 Peter
215 4026 315 4079 noster
328 4021 390 4078 siae
404 4021 445 4077 Et
459 4040 496 4076 ne
509 4038 570 4076 nos.

107 4115 223 4174 Deinde
237 4115 356 4171 dicatur
369 4113 507 4171 Psalmus
521 4109 678 4180 Exsitebo,
693 4109 754 4166 sine
767 4117 845 4176 note,
861 4128 926 4166 eum
946 4107 1035 4166 Versu
1054 4115 1080 4166 et
1102 4106 1247 4182 Oratione,

51 4217 111 4273 yua
125 4195 256 4254 dicendos
271 4203 341 4252 sunt
354 4192 397 4250 ad
408 4191 525 4250 Laudes
545 4189 604 4247 alio
625 4198 755 4264 tempore.
798 4189 915 4247 Laudes
935 4208 998 4248 vero
1019 4196 1089 4248 tnnc
1108 4188 1250 4249 dicuntur
