2768 4852
258 326 326 393 ·Io
338 325 430 395 Festo
444 325 557 394 ouius
576 325 735 412 Virpiois
748 347 822 394 ooo
836 326 1010 413 Martyris.
1178 330 1241 393 201

90 508 336 588 Responsorium.

89 608 190 668 Miles
214 607 327 668 christi
347 608 472 686 gloriose
493 608 534 668 N.
559 608 752 682 sanctissime,
775 607 839 667 Tuo
863 609 914 685 pio
936 609 1117 681 interventu,
1134 606 1245 686 Oulpss

59 709 158 764 sum
171 703 266 763 ablue

59 845 64 863 .
92 801 149 860 Ut
161 800 286 859 celestis
300 801 385 878 regni
398 801 496 860 sedem
511 802 661 860 valeamus
674 801 820 860 soandere.
863 800 935 860 Tuo.

94 896 207 956 Gloria
219 896 304 955 Patri
318 903 350 956 et
363 897 440 957 Filio
454 904 486 957 et
499 898 627 976 Spiritui
641 896 758 958 Sancto.
801 897 918 975 Calpas.

59 992 321 1071 (sacerdotalis).
365 993 468 1053 Gloria
495 999 526 1052 et
546 994 657 1052 honore
671 994 824 1053 'coronasti
850 1013 927 1067 eum,
950 994 1096 1053 Domine:
1127 1000 1159 1053 et
1179 1013 1244 1054 oon-

59 1090 171 1150 ituisti
184 1110 252 1149 eum
266 1110 356 1169 super
368 1111 457 1170 opera
470 1112 613 1163 manuum
625 1099 753 1152 tuarum

98 1187 216 1247 Oratio.

96 1282 224 1356 Praesta,
244 1303 423 1361 quaesumus,
444 1287 631 1364 omnipotens
655 1286 746 1358 Deus,
762 1286 863 1363 utqui
879 1285 960 1344 beati
978 1286 1019 1345 N.
1039 1287 1178 1364 martyris
1198 1285 1245 1345 tui
1319 1305 1323 1315 ·

59 1369 181 1441 italitia
203 1380 335 1455 colimus,
357 1382 566 1443 interoessione
589 1385 653 1461 ejus
674 1383 707 1441 in
725 1383 773 1441 tui
793 1383 922 1442 nominis
943 1403 1043 1443 amore
1063 1385 1243 1444 roboremur.

59 1497 101 1538 ar
116 1474 280 1538 Christum.

391 1606 432 1664 Is
452 1606 552 1669 Fssro
572 1623 667 1668 umus
687 1608 898 1668 Oosrsssoms

95 1668 281 1745 Antiphone.

101 1765 262 1825 Confessor
285 1766 411 1825 Domini
431 1767 484 1839 N„
505 1773 652 1826 astantem
672 1768 788 1845 plebem
812 1771 968 1829 corrobora
987 1775 1090 1829 saneta
1109 1769 1246 1828 intereos

59 1881 131 1936 one,
146 1868 183 1920 ut
204 1864 257 1939 qui
276 1863 422 1922 vitiorum
435 1864 564 1940 pondere
577 1865 749 1941 premimur,
763 1867 957 1925 beatitudinis
977 1874 1037 1925 tuae
1062 1866 1157 1942 gloria
1180 1865 1246 1923 suo

59 1978 186 2032 wemur,
202 1966 234 2017 et
249 1966 277 2018 ts
291 1960 366 2018 duce
380 1965 492 2019 aeterna
504 1961 627 2038 proemia
639 1981 860 2038 consequamur.

97 2055 179 2116 Item
200 2057 293 2116 anim
317 2057 487 2134 consessores
507 2058 753 2136 Bosporum-ium:
784 2058 873 2117 Miles
895 2059 1017 2130 Christi,
1035 2068 1070 2117 ut
1091 2078 1192 2135 supro,
1213 2058 1247 2116 o'o

59 2154 126 2214 'esto
140 2153 235 2212 anius
248 2154 397 2231 martyris.

59 2248 323 2329 Z(saoerdotolis).
360 2251 486 2309 Amavit
499 2271 568 2310 eum
582 2251 738 2325 Dominus,
753 2257 785 2310 ot
797 2252 916 2311 ornavit
929 2271 1005 2310 eum.
1049 2250 1133 2308 Stola
1145 2250 1246 2327 glorios

59 2346 144 2406 sduit
161 2366 237 2405 eum

103 2443 218 2502 Oratio.

101 2538 163 2612 Da,
177 2542 355 2618 quaesumus,
370 2542 557 2618 omnipotens
578 2543 670 2614 Deus,
685 2548 721 2600 ut
740 2543 821 2601 boati
841 2542 881 2600 N.
897 2541 1069 2601 confessoris
1089 2541 1137 2599 tui
1158 2547 1248 2617 atque

59 2635 192 2694 ontificis
213 2637 382 2695 veneranda
403 2637 586 2696 sollemnitas
599 2645 629 2697 et
642 2639 831 2698 devotionem
850 2641 934 2698 nobis
947 2645 1055 2716 augeat
1068 2645 1099 2698 et
1113 2638 1244 2696 salutem.

59 2733 102 2791 'er
116 2732 271 2792 Christum
285 2733 450 2793 Dominum
464 2741 607 2793 nostrum.
650 2737 758 2794 Amen.

103 2996 283 3072 mmm
423 2933 463 2991 Iu
485 2932 582 2992 Fusso
603 2949 695 2992 uiuus
720 2933 871 2992 V1an1u1s.

282 3016 341 3054 um.

166 3092 193 3150 0
208 3099 303 3152 mater
315 3099 418 3151 nostra
431 3098 478 3151 ter
490 3099 592 3152 saneta
605 3101 769 3171 quaterque
782 3095 878 3167 beata,

166 3189 244 3248 Cum
256 3210 342 3268 prece
355 3192 464 3250 devota
477 3191 676 3250 famulantum
689 3211 803 3269 suscipe
816 3197 894 3264 vota,

166 3288 239 3346 Jam
253 3288 373 3347 Christo
382 3290 490 3366 juncta
502 3306 666 3366 sponsoque
679 3295 733 3348 tuo
747 3290 863 3347 sociata
907 3288 983 3346 Oum
996 3307 1089 3365 prece.

104 3383 211 3443 Gloria
224 3384 310 3442 Patri
323 3390 355 3443 et
367 3383 445 3442 Filio
459 3391 490 3442 et
504 3384 630 3461 Spiritui
644 3385 760 3443 Sancto.
803 3384 880 3442 Cum
893 3404 986 3462 prece.

59 3480 81 3540 7.
96 3480 329 3560 (sooerdotols's).
373 3481 491 3540 Diffusa
503 3488 548 3540 est
561 3482 657 3559 grstia
670 3483 702 3541 in
715 3483 802 3541 labiis
815 3483 882 3541 tuis

106 3576 219 3637 Oratio.

105 3672 199 3746 Deus,
227 3673 280 3749 qui
303 3692 361 3732 nos
386 3674 481 3732 beate
508 3674 548 3733 N.
578 3675 703 3752 virginis
729 3682 761 3734 et
790 3676 930 3752 martyris
960 3681 1020 3732 tuse
1050 3671 1247 3732 sollemnitate

59 3769 197 3843 stifioos3
218 3769 344 3829 concede
364 3770 520 3848 propitius,
534 3776 570 3829 ut
582 3773 646 3849 ejus
666 3773 843 3850 adjuvemur
863 3772 978 3830 meritis
999 3771 1084 3846 cujus
1105 3766 1249 3826 castitatis

59 3867 223 3926 madiamur
237 3867 389 3946 exemplis
432 3868 492 3927 Per
505 3869 666 3929 Christum.

107 4106 213 4169 offitio
289 4044 330 4103 Is
350 4044 450 4104 Frsro
471 4061 564 4103 uiuus
585 4045 734 4103 Virronem
755 4059 816 4102 sou
837 4042 1010 4099 Minimus.

105 4205 305 4284 Omnipotens
314 4204 493 4283 sempiterne
502 4205 591 4278 Deus,
603 4204 642 4263 da
651 4205 737 4262 nobis
747 4204 780 4261 in
790 4201 953 4260 festivitate
963 4200 1056 4256 beatae
1070 4194 1111 4253 N.
1126 4192 1251 4271 virginis

59 4319 105 4361 uss
126 4319 258 4378 oongsus
278 4298 435 4358 devotione
455 4298 590 4376 gaudere,
606 4305 641 4356 ut
656 4304 688 4356 et
700 4296 864 4374 potentiam
883 4300 967 4352 tuam
987 4291 1020 4348 in
1040 4289 1103 4366 ejus
1121 4286 1250 4345 transitu

59 4398 201 4459 audemus
214 4402 246 4456 et
259 4396 413 4474 provisum
426 4395 513 4453 nobis
526 4395 720 4472 percipiamus
733 4393 887 4452 auxilium
931 4389 991 4448 Per
1004 4386 1163 4447 Christum.
