2760 4860
413 108 464 175 In
477 107 533 201 die
546 108 680 176 Suadeo
696 108 891 176 Trinitatis.
1198 113 1260 177 191

111 290 246 351 Tertium
258 290 497 369 ammoneant

109 389 187 461 Quis
196 389 280 448 Deus
291 409 415 468 magnus
425 390 503 449 siout
512 390 597 448 Deus
607 389 725 449 nosterl
754 389 800 448 Tu
811 408 843 448 ea
853 390 944 464 Deus,
956 388 1092 469 quesnois
1105 389 1262 450 mimbilis.

48 483 86 547 7.
107 484 223 545 Nolam
243 486 368 545 fecisti
358 506 392 545 sn
412 482 531 564 populis
547 485 693 545 virtutem
715 491 822 560 tuam3
842 486 1020 545 redemisti'
1011 507 1045 546 m
1068 486 1189 547 brachio
1210 493 1264 547 tuo

37 580 195 660 populum
209 589 305 641 tuum.
347 581 394 640 Tu
410 601 451 642 es.

110 675 217 736 Gloria
230 677 315 736 Patri
327 683 360 737 et
372 677 451 737 Filio
464 683 496 736 et
509 675 644 758 Spirituo
658 677 775 738 Sancto.
817 677 864 738 Τιι
878 698 917 738 ιι.

112 773 263 846 Quartam
275 773 511 853 Responeorima

63 869 243 948 Magnus
263 871 420 945 Dominus,
433 879 466 933 et
485 893 593 952 magns
613 873 711 933 virtus
730 873 804 951 ejus,
819 873 862 931 Et
874 871 1029 950 sapientise
1049 874 1114 952 ejus
1133 893 1195 934 non
1216 880 1262 934 ιιι

50 984 203 1028 numerus.

57 1061 88 1125 V.
110 1065 243 1153 Magnus
260 1065 409 1135 Dominus
426 1073 459 1128 ιι
474 1067 634 1128 laudabilis
646 1067 752 1142 valde;
772 1072 805 1127 et
818 997 1034 1146 magnitudinis
1054 1070 1118 1147 ejus
1137 1089 1199 1129 non
1216 1075 1262 1131 ιιι

53 1161 129 1226 inis.
172 1164 216 1224 Et
227 1166 388 1244 sapientise.
1195 1159 1199 1164 ’

112 1260 218 1321 Gloria
231 1262 318 1322 Patri
331 1269 362 1325 et
375 1264 454 1324 Filio
467 1270 499 1323 et
512 1263 640 1343 Spiritui
653 1263 770 1325 Sancto.
815 1263 857 1321 Et
869 1262 1031 1341 sapientiae.

112 1357 261 1431 Οαὶιιιιιιιι
274 1359 508 1438 Rorpoosorimn.

110 1455 218 1517 Glon'a
244 1458 331 1519 Petri
355 1461 523 1539 genitaeque
552 1461 631 1539 proli
657 1467 689 1519 ιι
716 1459 782 1532 tibi,
814 1479 935 1538 oompsr
960 1459 1118 1537 utriusque
1145 1480 1262 1539 semper

52 1551 182 1632 Spiritus
195 1555 282 1631 alme,
297 1555 380 1615 Deus
392 1577 471 1615 unus
483 1557 567 1616 omni
580 1564 713 1634 temporo
725 1555 812 1616 secl's

57 1647 88 1711 V.
109 1652 160 1711 Da
182 1653 360 1732 gaudiorum
379 1654 510 1731 preemie,
526 1654 564 1713 da
586 1654 751 1732 gratiarum
768 1672 901 1728 munera,
916 1652 1043 1713 dissolve
1057 1653 1120 1713 litis
1134 1654 1264 1729 vincula,

53 1751 184 1830 astringe
197 1752 278 1829 pacis
291 1751 407 1811 foederu.
451 1751 549 1811 Omni.

112 1847 217 1908 Gloria
232 1848 318 1908 Patri
330 1854 362 1908 et
374 1848 453 1908 Filio
467 1854 499 1907 ιι
513 1846 641 1927 Spiritui
654 1847 772 1908 Soneio.
815 1848 914 1907 Omni

111 1943 235 2005 διιιιιιι
246 1945 481 2022 Responsa-ium

112 2041 230 2115 Honor,
258 2042 357 2101 virtus
383 2047 415 2102 et
434 2048 565 2120 potestas
594 2048 625 2101 et
652 2041 810 2119 imperium
838 2041 879 2100 sit
902 2041 1045 2101 Trinitsti
1070 2042 1103 2101 in
1124 2041 1261 2118 Unitste,

56 2137 178 2200 Unitatn'
191 2139 225 2198 in
238 2139 395 2212 Trinitate,
410 2139 451 2198 In
465 2138 590 2218 perenni
602 2138 777 2197 seculorum
791 2143 931 2215 tempore.

59 2234 89 2297 V.
111 2236 262 2296 Trinitste
275 2236 331 2295 lux
343 2237 481 2314 perennis
495 2236 608 2295 unitati
621 2236 662 2294 sit
675 2235 763 2294 decus
776 2235 930 2314 perpetim.
974 2236 1014 2295 In
1027 2237 1158 2315 posenni

113 2333 219 2394 Gloria
233 2333 318 2392 Patri
330 2339 362 2392 et
375 2333 454 2393 Filio
467 2338 498 2392 ιι
512 2332 640 2412 Spiritui
653 2331 772 2391 Sancto
816 2330 857 2390 In
870 2332 1002 2411 pereuni.

112 2432 280 2511 Septimum
295 2432 532 2510 Responoorium.

113 2529 246 2589 Summa
267 2528 420 2602 Trinium,
439 2514 567 2606 simplici
587 2528 663 2602 Deo,
686 2547 748 2586 una
770 2527 933 2601 Divinitas,
953 2527 1076 2606 equalis
1096 2527 1199 2606 gloria,
1220 2546 1265 2587 eo-

53 2632 167 2688 seterna
189 2628 330 2704 majestas
349 2626 435 2685 Petri
461 2626 597 2704 prolique
617 2630 778 2703 sanctoque
798 2624 938 2700 Flamini,
960 2625 1021 2697 Qui
1048 2631 1146 2685 totum
1163 2623 1265 2684 subdit

55 2727 116 2786 suis
129 2727 233 2785 orbem
245 2725 368 2803 legibus.

60 2824 89 2885 V.
112 2824 242 2883 hester
268 2822 355 2881 uobis
384 2822 513 2900 gratiam
545 2821 650 2881 Deitas
677 2820 766 2880 beata
797 2820 897 2879 Putris
924 2840 958 2878 oo
991 2819 1066 2879 Nati
1096 2820 1265 2898 pariterque

54 2921 186 3000 Spiritus
198 2921 278 2980 almi
323 2920 384 2992 Qui
397 2925 503 2978 totum.

115 3019 222 3078 Gloria
235 3018 321 3077 Patri
333 3024 365 3076 et
378 3017 456 3077 Filio
470 3024 501 3076 et
514 3016 643 3095 Spiritui
657 3017 774 3077 Sancto.
818 3016 878 3088 Qui
892 3022 999 3074 totum.

117 3117 261 3176 Octavum
273 3116 510 3192 Responsorium.

114 3215 186 3273 Tibi
207 3215 282 3287 laus,
296 3213 354 3272 tibi
374 3213 477 3290 gloria,
490 3212 549 3270 tibi
568 3212 733 3290 g1utiarum
752 3212 830 3272 sotio
849 3213 888 3270 Iu
900 3210 1007 3271 sseoula
1026 3211 1214 3291 sempiterna,
1238 3211 1264 3271 Ο

54 3313 146 3372 beata
158 3311 300 3371 Trinitas.

60 3409 90 3469 7.
114 3407 157 3467 Ει
180 3407 371 3466 benedictum
392 3413 501 3465 nomen
524 3405 624 3484 gloriae
647 3411 708 3463 tues
731 3409 868 3463 sanetum
893 3410 924 3462 et
944 3403 1092 3463 laudabile
1111 3410 1144 3464 et
1167 3423 1267 3482 super·

52 3507 231 3568 exaltatum
274 3504 315 3564 In
329 3505 442 3564 saecula.

117 3603 221 3662 Gloria
230 3599 318 3660 Patri
331 3607 362 3660 et
376 3601 454 3660 Filio
468 3606 499 3660 ιι
513 3598 639 3678 Spiritui
649 3599 766 3658 Sancto.
810 3598 850 3656 In
864 3597 978 3656 sseouls.

117 3699 241 3758 Nonum
258 3698 492 3775 Respmtsoriuns.

116 3795 332 3854 Beuedioamus
352 3794 474 3853 Patrem
494 3798 525 3851 ιι
545 3791 658 3851 Filium
677 3812 746 3852 oum
765 3792 875 3853 Snnoto
896 3791 1033 3868 SpirituJ
1060 3789 1214 3849 laudemus
1235 3799 1267 3852 et

50 3894 308 3973 superexaltemus
321 3913 399 3966 eum,
414 3892 454 3950 In
467 3891 581 3951 saeossla

57 3992 91 4053 V.
115 3991 296 4050 Benedictus
308 4010 348 4063 es,
363 3991 501 4064 Domine,
515 3989 549 4048 in
563 3990 750 4049 firmamento
764 3988 830 4048 oaeli
842 3995 874 4048 ιι
887 3984 1045 4046 laudibilis
1062 3994 1093 4047 et
1113 3985 1266 4065 gloriosus.

52 4090 97 4150 In
111 4088 225 4147 soeouls.

118 4185 222 4245 Gloria
235 4184 322 4244 Patri
335 4191 366 4244 et
379 4185 459 4246 Filio
472 4191 503 4245 et
516 4184 644 4265 Spiritui
658 4184 777 4247 Sancto.
820 4184 860 4243 In
874 4179 988 4242 saeculs.
