2768 4852
156 343 198 404 48
449 336 538 404 Ordo
559 335 607 402 cd
631 335 851 403 Vieitacdam
872 335 1069 424 Infit-marn.

154 519 215 578 tuis
231 517 277 576 vel
288 519 509 577 exsecutoribus
520 519 581 577 tuis
594 519 690 596 ipsam
703 517 798 577 facere
812 538 851 577 ex
863 525 948 596 perte
957 525 1012 577 tua
1024 538 1078 596 pro
1090 520 1157 596 ipsa
1169 522 1358 597 paenitentis:

153 615 343 690 Acciqrtandc
357 615 454 690 psam
467 615 673 691 meipsam
685 615 721 673 irs
732 614 859 691 speciali.
903 615 937 673 Si
949 620 1050 673 autem
1063 617 1261 690 convalueris,
1275 620 1358 697 peni·

153 711 281 770 tentiam
304 731 395 788 quam
414 712 472 768 tibi
492 712 644 769 notificavi
660 711 830 789 adimpleas,
850 711 898 770 vel
918 712 1029 770 iterum
1049 712 1208 772 humiliter
1227 715 1265 773 de
1284 735 1357 775 ncrc

153 810 256 869 redeas
268 810 306 866 sd
320 809 532 867 confessionem
546 810 595 867 vel
615 808 690 866 mihi
709 809 758 869 vel
771 808 823 868 alii
835 809 889 886 qui
909 810 967 868 tibi
978 810 1174 870 absolutionis
1187 812 1356 873 messium

153 908 187 966 in
200 907 255 964 hac
268 911 353 982 perte
364 906 474 981 dejure
484 906 617 963 conferre
626 906 725 963 valeat
732 910 764 963 et
774 905 881 964 debeat
886 926 896 979 3
913 913 945 964 et
954 907 1080 965 concedo
1090 909 1158 981 tibi,
1169 909 1253 986 quod
1262 929 1356 969 omncs

153 1003 347 1080 indulgentiis
360 1021 604 1078 quorumcunque
617 1001 807 1077 prelatorum
824 1002 882 1059 tibi
894 1022 1036 1061 concessa
1048 1023 1101 1062 seu
1115 1005 1355 1085 qualitercunque

153 1099 345 1159 concedende
359 1118 519 1174 eorumque
540 1097 768 1172 benedictiones,
782 1119 885 1158 omnes
903 1119 989 1177 aquae
1001 1101 1165 1160 benedictas
1179 1104 1354 1180 aspersiones

153 1198 267 1256 devote
290 1195 418 1273 pectoris
439 1194 494 1267 tui,
510 1194 664 1252 tunsiones
681 1193 777 1253 cordis
797 1195 853 1267 tui,
873 1195 1076 1269 contritiones,
1089 1197 1151 1255 ista
1169 1198 1312 1257 consessio
1326 1204 1355 1257 et

152 1312 253 1353 omnes
276 1291 342 1350 alise
363 1291 559 1349 confessiones
579 1297 639 1349 tuce
663 1291 787 1365 devote,
801 1292 901 1350 omnis
917 1292 1043 1369 jejunis,
1065 1294 1266 1366 abstinentiis,
1284 1294 1352 1354 elee-

151 1408 290 1466 mosynae,
303 1387 424 1464 vigilia,
445 1387 616 1463 disciplinae,
638 1388 785 1481 orationes
805 1394 837 1446 et
856 1389 1108 1491 peregrinationes
1127 1396 1160 1449 et
1179 1392 1282 1450 omnis
1298 1390 1352 1450 elis

150 1487 229 1565 bona
170 1504 315 1567 quse
334 1484 431 1542 iecisti
451 1484 500 1541 vel
519 1484 616 1557 facies,
637 1491 669 1542 et
688 1473 788 1543 omnia
811 1464 1017 1543 maiar-'⁹
912 1505 979 1562 quse
1002 1506 1056 1563 pro
1079 1487 1192 1546 Deo
1166 1507 1232 1548 sive
1248 1489 1351 1566 injuste

65 1575 70 1583 ⁴
151 1581 321 1641 sustinuisti
337 1580 384 1639 rel
405 1581 574 1654 sustinebis,
590 1581 692 1639 Passio
713 1581 874 1640 Salvator-is
895 1581 1018 1640 Domini
1036 1584 1135 1641 nostri
1149 1583 1173 1642 J
1174 1604 1228 1643 esu
1248 1584 1350 1644 Christi

151 1679 315 1756 meritaque
341 1679 434 1735 beatae
461 1683 493 1735 et
519 1677 652 1753 gloriosse
676 1677 815 1755 Virginis
842 1677 947 1736 Maris
971 1685 1003 1737 et
1026 1679 1161 1738 omnium
1189 1688 1349 1741 sanctm

150 1775 286 1849 aliorum,
300 1793 415 1832 necnon
429 1773 569 1850 suffragia
581 1774 677 1831 totius
691 1773 828 1832 Ecclesiae
841 1780 950 1832 sanctie
962 1774 1121 1833 catholice
1134 1776 1244 1835 cedant
1255 1777 1310 1836 tibi
1321 1778 1349 1836 is

151 1871 353 1930 remissionem
367 1871 492 1928 istorum
507 1875 538 1927 et
551 1871 685 1927 omnium
698 1870 824 1928 aliorum
837 1876 1024 1946 peccatorum
1036 1878 1160 1929 tuorum
1174 1872 1209 1930 in
1221 1892 1348 1950 augmen·

150 1968 295 2027 tationem
308 1967 482 2024 meritorum
496 1972 527 2023 et
540 1966 776 2024 consecutionem
790 1966 978 2043 premiorum
992 1975 1181 2026 eternorum.
1217 1971 1322 2030 Amen.

211 2062 326 2121 Deinde
339 2061 419 2119 dicat
431 2061 573 2120 Sacerdos
585 2061 638 2120 ltoc
650 2063 735 2121 mado
747 2082 758 2119 .·

209 2159 390 2217 Misereatur
402 2161 450 2216 tui
462 2159 648 2236 omnipotens
660 2159 752 2232 Deus,
766 2158 809 2237 (et
823 2159 958 2237 dimittat
971 2161 1029 2218 tibi
1042 2161 1144 2219 omnia
1156 2169 1279 2240 peccate
1289 2169 1343 2235 tus

147 2255 255 2314 liberet
275 2263 306 2315 te
325 2257 364 2313 ab
384 2257 465 2314 omni
485 2257 573 2328 malo,
593 2263 746 2316 conservet
767 2264 797 2315 et
819 2257 973 2316 confirmet
995 2258 1029 2315 in
1048 2259 1127 2317 bono
1149 2266 1184 2318 et
1204 2261 1243 2319 sd
1262 2262 1345 2320 vitan

148 2352 291 2431 perducat
304 2359 454 2411 [eternam.
498 2353 622 2430 Amen)
1381 2386 1383 2391 ·

208 2449 244 2509 Si
257 2451 395 2526 infirmas
413 2449 524 2508 berthem
543 2449 646 2508 habeat
666 2450 853 2527 apostolicam
866 2451 902 2509 de
913 2450 1005 2527 plena
1021 2451 1203 2513 abalim
1220 2463 1248 2512 at
1259 2452 1344 2523 mie

147 2546 226 2606 riom
246 2547 379 2606 omnium
397 2556 585 2623 peccatoram
608 2566 729 2605 suorum
755 2547 888 2606 seculis
910 2547 1035 2611 anioala
1058 2549 1164 2609 mortis
1186 2570 1342 2623 conam

147 2649 217 2702 tursc
236 2645 336 2720 pricio
359 2644 433 2718 lecet
452 2643 593 2701 Sacerdos
616 2645 744 2717 effectwn
768 2643 859 2702 balde.
904 2644 1027 2718 Deinde,
1046 2646 1145 2704 ceteris
1160 2655 1297 2723 peractis,
1317 2650 1344 2704 el

142 2741 321 2817 pradictum
335 2745 441 2815 cstfiat
455 2749 553 2798 tamen
565 2740 628 2816 q'uc
641 2740 783 2799 absolutio
797 2741 850 2799 sub
863 2740 1027 2816 lcacsorma
1040 2762 1050 2800 :

208 2835 357 2893 Dominus
377 2837 399 2893 J
400 2856 466 2894 esus
488 2836 624 2894 Christus
638 2856 690 2912 pro
711 2857 765 2895 sus
786 2856 891 2913 magna
904 2838 1016 2914 pietate
1036 2843 1067 2896 te
1080 2838 1218 2898 absolvat
1228 2859 1238 2913 3
1257 2847 1340 2917 stege

147 2933 325 2989 auctoritate
352 2933 483 3008 ejusdcm
506 2932 565 2989 Dei
589 2937 619 2989 et
643 2933 767 2989 Domini
790 2934 886 2990 nostri
908 2932 984 2991 Jesu
1007 2933 1122 2991 Christi
1145 2940 1178 2993 et
1201 2936 1339 2994 matous

147 3028 347 3105 apostolorum
372 3029 456 3086 Petri
480 3035 511 3086 st
534 3029 623 3086 Pauli
646 3035 677 3086 et
697 3030 811 3086 domini
831 3030 927 3088 nostri
947 3031 1049 3088 domni
1068 3031 1109 3089 N.
1134 3032 1242 3092 divina
1259 3030 1340 3111 prori-

147 3126 249 3184 dentis
263 3126 372 3183 summi
385 3125 542 3201 pontificis,
557 3132 588 3183 ct
601 3127 714 3183 virtute
734 3127 838 3203 gratim
851 3126 909 3183 tibi
929 3146 1070 3185 concessa
1084 3133 1116 3186 et
1128 3129 1282 3189 electionis
1292 3143 1339 3205 qut

146 3244 194 3283 me
207 3226 239 3283 in
253 3232 340 3282 tuum
354 3224 548 3282 confessorem
562 3223 677 3300 elegisti
691 3224 723 3280 in
742 3224 798 3282 hac
812 3230 896 3300 parte
915 3224 990 3281 mihi
1010 3225 1174 3299 commissa,
1190 3227 1338 3286 absclrote
1373 3223 1379 3242 ¹

146 3323 184 3379 sb
198 3321 336 3379 omnibus
349 3322 475 3396 peccetis
489 3321 549 3378 tuis
563 3320 720 3396 dequibus
740 3320 827 3378 corde
847 3321 993 3378 contritus
1007 3326 1038 3378 et
1051 3340 1102 3380 ore
1114 3323 1192 3380 mibi
1205 3323 1338 3382 contem

145 3436 185 3489 cs,
200 3425 231 3475 et
244 3419 282 3474 ab
295 3417 432 3474 omnibus
446 3417 512 3473 aliis
525 3416 651 3493 peccatis
660 3416 720 3473 tuis
730 3416 767 3473 de
780 3416 889 3492 quibus
899 3417 924 3474 si
935 3423 995 3474 tuos
1006 3426 1195 3478 occurrerent
1204 3419 1337 3490 recesserit⁴

145 3515 279 3572 confiteri
293 3514 400 3585 vellcs;
421 3515 458 3570 ab
472 3514 554 3570 omni
574 3513 717 3571 fractione
737 3520 883 3585 votorum,
899 3520 930 3572 et
943 3515 981 3571 ab
995 3515 1076 3571 omni
1089 3515 1249 3576 omissione
1260 3512 1335 3595 peni·

144 3610 307 3668 tentiarum
333 3610 508 3667 salutarium
543 3610 797 3667 sacramentaliter
823 3610 881 3666 tibi
914 3610 1127 3686 injunctarum,
1149 3619 1181 3670 et
1204 3614 1245 3672 ab
1269 3607 1335 3671 omni

135 3706 375 3782 ‚transgressione
392 3707 562 3763 divinorum
584 3707 810 3765 mandatorum:
829 3707 948 3783 tibique
962 3707 1089 3766 concedo
1112 3708 1234 3784 plenam
1256 3702 1335 3767 indul·

143 3803 278 3882 gentiam*
309 3803 442 3860 omnium
477 3809 663 3878 pcccatorum
691 3810 820 3875 tuorum,
849 3805 882 3860 in
912 3811 1059 3880 quantum
1087 3804 1187 3865 claves
1213 3802 1334 3871 Erash
1349 3854 1356 3867 ..

142 3906 174 3958 et
186 3907 318 3978 potestas
338 3899 452 3957 domiui
467 3899 555 3974 Papae
570 3918 600 3957 se
614 3899 789 3958 extendunt.
833 3901 914 3958 Etsi
933 3900 1125 3959 immiscendo
1139 3908 1171 3961 te
1184 3902 1292 3961 divinis
1301 3897 1334 3958 ric

142 3995 302 4054 innovatus
328 4015 360 4054 es
383 4003 437 4053 aut
464 4014 596 4071 unquam
621 3995 712 4066 luisti,
738 3997 817 4071 quod
841 3997 971 4073 aliquam
994 4004 1098 4055 notam
1120 3992 1332 4075 irregularitati

141 4092 318 4150 contraxisti
345 4092 393 4149 uel
418 4112 534 4168 paenam
558 4092 756 4167 suspensionis
781 4093 933 4150 interdicti
957 4113 1009 4152 seu
1033 4085 1354 4154 excommunicatio&

140 4185 301 4259 incurristi,
315 4187 417 4245 cadem
430 4187 606 4245 auctoritate
619 4187 692 4245 tollo
705 4192 735 4245 et
749 4206 878 4259 amoveo,
894 4195 1052 4266 tecumque
1065 4190 1203 4267 dispenso
1212 4200 1245 4251 et
1257 4206 1332 4250 ssa*

140 4282 250 4340 mentis
277 4283 413 4341 Ecclesiae
441 4291 472 4342 te
499 4284 632 4341 restituo.
683 4283 722 4341 In
749 4287 868 4343 nomine
895 4285 995 4346 Petris
1018 4294 1050 4345 et
1073 4287 1147 4346 Filii
1167 4297 1199 4349 et
1219 4287 1331 4368 Spiritu

142 4379 251 4439 Sancti
295 4378 400 4438 Amen.
