2768 4852
166 322 230 384 114
502 319 551 385 In
572 318 696 388 Sancto
717 318 861 388 sabbato
880 320 1029 388 Pacete.

161 507 268 565 redimi
288 507 455 584 profuisset
499 508 640 568 Osancte
660 508 760 582 Pater,
774 528 866 586 quam
888 508 966 569 mira
986 511 1065 570 circa
1087 531 1143 570 nos
1166 519 1226 571 ture
1249 512 1347 590 pietatis

161 605 303 681 dignatio.
356 606 383 664 Ο
411 607 628 665 inaestimabilis
654 606 776 665 dilectio
802 607 956 666 caritatis:
990 614 1028 667 ut
1054 628 1178 668 servum
1204 612 1348 680 redimere,

161 700 257 758 tilium
271 701 431 761 tradidisti.
474 702 500 762 0
514 709 595 761 certe
612 703 811 762 necessarium
825 702 902 761 Adra
916 709 1070 779 peccrnum
1085 711 1118 763 et
1131 713 1273 780 nostrum,
1285 704 1348 782 quod

162 798 276 857 Christi
289 808 385 859 morte
398 800 530 859 deletum
543 806 596 859 est
648 800 763 883 Qix
777 799 874 878 culpa,
889 820 956 877 quse
971 801 1063 860 talem
1077 822 1114 861 ac
1128 811 1247 863 tantum
1259 803 1348 861 meruit

160 896 269 954 habero
289 897 514 974 redemptorem.
558 897 687 957 Obeats
706 880 780 980 noffx²
793 887 1178 978 (ill—QROIQlLQiLe
1200 906 1348 978 tempus-ct

151 992 273 1063 horam,
295 992 327 1049 in
350 1012 410 1068 qua
432 992 569 1053 Christus
589 993 628 1051 ab
650 993 753 1071 inferia
773 993 944 1052 resurrexit
995 993 1072 1053 Haec
1093 1015 1157 1054 nox
1177 1003 1231 1068 est,
1251 997 1285 1055 de
1301 1013 1347 1073 quc

89 1086 103 1131 ι’
160 1088 379 1164 scriptumest:
402 1089 443 1146 Et
456 1109 518 1148 nox
532 1096 568 1147 ut
581 1090 643 1148 dies
664 1074 904 1148 illuminabitur:
924 1097 956 1148 et
969 1091 1042 1148 Nox
1060 1091 1245 1150 illuminatio
1257 1091 1348 1151 meain
1374 1164 1376 1169 Ι

76 1184 79 1189 “
160 1185 273 1242 deliciis
297 1187 377 1244 meis.
431 1186 534 1264 Hujus
558 1186 651 1264 igitur
672 1187 868 1246 sanctificatio
890 1187 988 1245 noctis
1012 1187 1099 1265 fugat
1123 1190 1244 1261 scelera,
1267 1190 1349 1265 culpas
1373 1178 1376 1267 ἦ

160 1282 244 1353 lavit,
259 1290 290 1340 et
304 1283 401 1341 reddit
418 1283 619 1342 innocentiam
640 1283 731 1360 lapsis
749 1290 782 1341 et
801 1282 913 1341 maestis
933 1283 1091 1358 laetitism3
1113 1285 1200 1363 fugat
1213 1287 1286 1357 odia,
1299 1304 1351 1343 con·

159 1380 289 1437 cordiam
303 1386 398 1456 parat,
413 1387 443 1438 et
457 1388 562 1439 curvat
576 1381 709 1457 imperia.
753 1380 813 1439 Hic
820 1389 917 1457 ponat
932 1381 1087 1439 decernam
1094 1403 1153 1458 per
1165 1403 1282 1442 cracem
1318 1381 1348 1438 In

159 1478 249 1553 hujus
263 1477 357 1552 igitur
371 1478 465 1535 noctis
479 1480 576 1555 gratia
589 1478 712 1555 suscipe,
728 1483 829 1536 sancte
844 1477 943 1550 Pater,
959 1479 1073 1537 incensi
1087 1479 1181 1557 hujus
1194 1481 1350 1540 sacrificium

159 1573 371 1649 vespertinum,
384 1576 463 1650 quod
473 1575 530 1633 tibi
540 1576 574 1632 in
582 1575 637 1633 hac
646 1575 723 1633 cerei
733 1574 884 1633 oblatione
894 1574 1032 1633 sollemni
1042 1575 1252 1637 ministrorum
1262 1594 1348 1635 manns

158 1670 197 1727 de
209 1670 348 1749 operibus
361 1691 451 1747 apum
465 1678 651 1731 sacrosancta
664 1672 764 1730 reddit
784 1671 913 1730 ecclesia
956 1671 1015 1730 Sed
1031 1673 1097 1749 jam
1118 1674 1263 1733 columne
1276 1675 1347 1751 hujus

158 1767 305 1843 praeconia
321 1769 457 1827 norimus
478 1789 568 1846 quam
589 1770 621 1827 in
642 1769 784 1828 honorem
805 1769 865 1827 Dei
884 1770 1014 1828 rutilans
1028 1770 1108 1847 ignis
1121 1772 1264 1831 accendit
1300 1769 1348 1828 Hic

157 1867 342 1923 accendatur.
387 1866 447 1937 Qui
460 1866 530 1924 licet
543 1867 656 1924 divisus
669 1868 701 1925 in
715 1874 815 1944 partes
827 1867 960 1924 mutuati
974 1866 1097 1924 luminis
1112 1868 1289 1928 detrimenta
1300 1886 1346 1926 non

157 1961 251 2033 norit,
267 1961 359 2018 alitur
379 1962 564 2039 liquantibus
580 1963 663 2034 ceris,
678 1981 752 2038 quas
772 1963 804 2019 in
825 1961 1025 2020 substantiam
1040 1963 1178 2038 pretiosae
1192 1964 1280 2041 hujus
1291 1963 1345 2021 lam-

157 2057 241 2133 padis
256 2065 351 2115 mater
367 2079 436 2136 apes
450 2061 564 2120 eduxit.
609 2061 720 2119 Overe
733 2060 822 2118 beata
834 2079 905 2132 nox,
921 2079 988 2135 quae
1002 2059 1185 2136 exspoliavit
1198 2060 1345 2138 AEgyptior,

157 2153 269 2211 ditavit
282 2155 445 2229 Hehraeos3
461 2155 1121 2236 wiladus„SMAE'QQli—tjquuniur·
1160 2157 1344 2232 Oramnsergr

157 2258 196 2323 te,
210 2251 348 2323 Domine,
362 2258 398 2311 ut
418 2273 519 2312 cereus
532 2255 589 2312 istc
603 2254 636 2310 in
650 2252 792 2311 honorem
810 2251 941 2310 nominis
954 2252 1002 2310 tui
1015 2258 1207 2312 consecratus
1220 2255 1258 2312 ad
1269 2250 1344 2312 noctis

155 2348 246 2426 hujus
257 2349 412 2427 caliginem
424 2351 634 2409 destruendam
648 2349 821 2408 indeficiens
834 2355 1012 2427 perseveret,
1024 2356 1117 2426 atquc
1126 2349 1160 2408 in
1170 2351 1285 2410 odorem
1293 2366 1342 2407 mn

156 2446 260 2503 vitatis
274 2453 420 2523 acceptus,
435 2449 572 2524 supernis
585 2446 785 2505 luminaribus
798 2447 965 2505 misceatur.
1002 2445 1154 2506 Flammas
1167 2449 1233 2524 ejus
1246 2444 1341 2506 Lucifer

156 2539 323 2596 matutinus
343 2541 487 2614 inveniat,
506 2541 567 2615 ille,
582 2542 715 2620 inquam,
731 2542 852 2601 Lucifer
872 2544 924 2620 qui
944 2542 1040 2601 nescit
1060 2562 1199 2603 occasum
1208 2566 1218 2618 ;
1241 2545 1288 2603 ille
1303 2538 1341 2619 qai

155 2655 303 2713 regressus
317 2638 355 2694 ab
370 2637 473 2695 inseris
493 2638 624 2697 humano
642 2641 744 2717 generi
759 2659 881 2698 serenus
900 2640 1011 2698 illuxit.
1055 2639 1221 2699 Precamur
1240 2645 1338 2719 ergotts

156 2733 293 2803 Domine,
309 2741 344 2791 ut
358 2754 412 2792 nos
426 2735 552 2792 famulos
571 2744 647 2809 tuos,
663 2756 781 2795 omnem
800 2737 911 2794 clerum
925 2743 956 2794 et
970 2737 1197 2795 devotissimum
1212 2737 1338 2815 populum,

155 2851 215 2888 una
229 2853 294 2890 curn
311 2840 396 2909 patre
410 2840 511 2891 nostro
525 2854 601 2909 papa
616 2834 654 2892 N.
671 2841 701 2892 et
715 2854 783 2910 rege
797 2840 899 2892 nostro
913 2833 953 2891 N.
970 2853 1086 2891 necnon
1100 2840 1131 2892 et
1146 2836 1337 2912 archiepiscopo

154 2935 256 2987 nostro
271 2930 305 2986 N
304 2974 321 3001 .,
338 2931 437 3007 quiete
455 2938 622 3007 temporum
643 2951 788 3001 concessa,
803 2931 836 2987 in
849 2930 896 2988 his
916 2930 1104 3006 paschalibus
1117 2932 1235 3009 gaudiis
1247 2945 1336 2991 conser-

155 3043 225 3082 vare
240 3027 380 3102 digneris,

217 3121 275 3179 Per
297 3124 460 3180 Dominum
481 3130 616 3182 nostrum
635 3125 656 3183 J
659 3144 741 3182 esum
763 3123 915 3182 Christum
936 3123 1049 3181 Filium
1069 3131 1166 3199 tuum,
1184 3128 1243 3197 Qui
1262 3135 1334 3185 tecm

155 3219 232 3276 vivit
256 3228 286 3278 et
310 3229 414 3300 regnat
440 3223 473 3279 in
502 3223 618 3282 unitate
646 3222 776 3299 Spiritus
805 3222 907 3281 Sancti
935 3223 1027 3296 Deus,
1049 3222 1110 3282 Per
1132 3227 1232 3284 omnia
1253 3220 1333 3284 secuit

154 3318 337 3376 serculorum.
381 3320 491 3378 Amen.

217 3416 322 3474 Postea
341 3425 447 3492 septem
463 3417 554 3493 pacari
571 3418 604 3475 in
625 3417 847 3493 Snpecpelticcie
858 3417 904 3476 ccl
915 3417 949 3475 in
964 3417 1049 3478 Attis
1062 3419 1096 3479 in
1109 3417 1332 3481 stertinian

155 3508 231 3567 lrnnc
245 3522 370 3585 caninat,
386 3513 471 3572 cnoro
484 3514 655 3573 alternatim
669 3516 859 3591 respondente
873 3515 914 3573 eis
923 3538 932 3573 :
1351 3508 1355 3523 ’

360 3609 458 3685 Kyrie
472 3610 600 3686 eleyson.

361 3707 479 3764 Christe
494 3707 621 3782 eleyson.

362 3804 480 3862 Christe
493 3804 564 3861 audi
578 3824 640 3863 nos.

361 3903 451 3959 Pater
465 3901 501 3959 de
515 3902 593 3959 coelis
602 3903 699 3974 -Deus,
719 3902 857 3960 miserere
871 3901 965 3959 nobis.

360 3997 429 4070 Fili,
445 3998 628 4074 Redemptor
641 3998 747 4055 mundi
763 4000 854 4069 Deus,
869 3998 1008 4056 miserere
1021 3999 1115 4058 nobis

360 4096 489 4172 Spiritus
504 4096 612 4153 Sancte
627 4096 717 4169 Deus,
733 4096 872 4154 miserere
885 4095 978 4154 nobis

360 4191 469 4249 Sancta
482 4191 622 4263 Trinitas,
638 4211 715 4249 unus
730 4192 823 4263 Deus,
837 4192 973 4249 miserere
987 4193 1081 4252 nobis.

360 4286 468 4345 Sancta
482 4288 588 4361 Maria,
604 4308 656 4345 om
669 4308 722 4365 pro
736 4289 829 4347 nobis.

359 4383 466 4444 Sancto
481 4386 620 4460 Michael,
636 4408 688 4445 ora
701 4407 755 4464 pro
769 4388 862 4447 nobis.
