<?xml version="1.0" encoding="UTF-8"?>
<!DOCTYPE html PUBLIC "-//W3C//DTD XHTML 1.0 Transitional//EN"
    "http://www.w3.org/TR/xhtml1/DTD/xhtml1-transitional.dtd">
<html xmlns="http://www.w3.org/1999/xhtml" xml:lang="en" lang="en">
 <head>
  <title>
</title>
<meta http-equiv="Content-Type" content="text/html;charset=utf-8" />
  <meta name='ocr-system' content='tesseract 3.04.00' />
  <meta name='ocr-capabilities' content='ocr_page ocr_carea ocr_par ocr_line ocrx_word'/>
</head>
<body>
  <div class='ocr_page' id='page_1' title='image "./manualeetproces01minsgoog_0093.png"; bbox 0 0 2768 4852; ppageno 0'>
   <div class='ocr_carea' id='block_1_1' title="bbox 145 260 1004 383">
    <p class='ocr_par' dir='ltr' id='par_1_1' title="bbox 145 260 1004 383">
     <span class='ocr_line' id='line_1_1' title="bbox 145 260 1004 383; baseline -0.001 0"><span class='ocrx_word' id='word_1_1' title='bbox 145 316 187 383; x_wconf 76' lang='lat' dir='ltr'><strong>re</strong></span> <span class='ocrx_word' id='word_1_2' title='bbox 499 313 753 382; x_wconf 62' lang='lat' dir='ltr'><strong>camiaco</strong></span> <span class='ocrx_word' id='word_1_3' title='bbox 778 260 1004 382; x_wconf 68' lang='lat' dir='ltr'><strong>selem.</strong></span> 
     </span>
    </p>
   </div>
   <div class='ocr_carea' id='block_1_2' title="bbox 204 476 1357 572">
    <p class='ocr_par' dir='ltr' id='par_1_2' title="bbox 204 476 1357 572">
     <span class='ocr_line' id='line_1_2' title="bbox 204 476 1357 572; baseline 0.001 -19"><span class='ocrx_word' id='word_1_4' title='bbox 204 496 346 569; x_wconf 85' lang='lat' dir='ltr'><strong>Absolve,</strong></span> <span class='ocrx_word' id='word_1_5' title='bbox 381 516 559 572; x_wconf 69' lang='lat' dir='ltr'><strong>quesumus,</strong></span> <span class='ocrx_word' id='word_1_6' title='bbox 588 496 726 569; x_wconf 89' lang='lat' dir='ltr'><strong>Domine,</strong></span> <span class='ocrx_word' id='word_1_7' title='bbox 754 496 870 556; x_wconf 78' lang='lat' dir='ltr'><strong>enimus</strong></span> <span class='ocrx_word' id='word_1_8' title='bbox 903 476 1085 556; x_wconf 71' lang='lat' dir='ltr'><strong>famulorum</strong></span> <span class='ocrx_word' id='word_1_9' title='bbox 1116 493 1357 572; x_wconf 72' lang='lat' dir='ltr'><strong>famulorumque</strong></span> 
     </span>
    </p>
   </div>
   <div class='ocr_carea' id='block_1_3' title="bbox 31 591 1357 670">
    <p class='ocr_par' dir='ltr' id='par_1_3' title="bbox 31 591 1357 670">
     <span class='ocr_line' id='line_1_3' title="bbox 31 591 1357 670; baseline -0.002 -17"><span class='ocrx_word' id='word_1_10' title='bbox 31 600 36 611; x_wconf 92' lang='lat'>&#39;</span> <span class='ocrx_word' id='word_1_11' title='bbox 143 598 265 653; x_wconf 77' lang='lat' dir='ltr'><strong>tuarum</strong></span> <span class='ocrx_word' id='word_1_12' title='bbox 286 594 325 651; x_wconf 86' lang='lat' dir='ltr'><strong>eb</strong></span> <span class='ocrx_word' id='word_1_13' title='bbox 346 595 428 650; x_wconf 90' lang='lat' dir='ltr'><strong>omni</strong></span> <span class='ocrx_word' id='word_1_14' title='bbox 450 594 568 652; x_wconf 90' lang='lat' dir='ltr'><strong>vinculo</strong></span> <span class='ocrx_word' id='word_1_15' title='bbox 590 593 775 668; x_wconf 79' lang='lat' dir='ltr'>delictorum,</span> <span class='ocrx_word' id='word_1_16' title='bbox 796 594 887 652; x_wconf 83' lang='lat' dir='ltr'><strong>utin</strong></span> <span class='ocrx_word' id='word_1_17' title='bbox 909 592 1135 653; x_wconf 81' lang='lat' dir='ltr'><strong>resurrectionis</strong></span> <span class='ocrx_word' id='word_1_18' title='bbox 1157 592 1256 670; x_wconf 77' lang='lat' dir='ltr'><strong>glorie</strong></span> <span class='ocrx_word' id='word_1_19' title='bbox 1278 591 1357 650; x_wconf 80' lang='lat' dir='ltr'><strong>inter</strong></span> 
     </span>
    </p>
   </div>
   <div class='ocr_carea' id='block_1_4' title="bbox 143 688 1354 846">
    <p class='ocr_par' dir='ltr' id='par_1_4' title="bbox 143 688 1354 846">
     <span class='ocr_line' id='line_1_4' title="bbox 143 688 1354 770; baseline -0.001 -21"><span class='ocrx_word' id='word_1_20' title='bbox 143 696 260 749; x_wconf 77' lang='lat' dir='ltr'><strong>sanctos</strong></span> <span class='ocrx_word' id='word_1_21' title='bbox 280 691 436 748; x_wconf 68' lang='lat' dir='ltr'><strong>coelectos</strong></span> <span class='ocrx_word' id='word_1_22' title='bbox 459 697 528 749; x_wconf 83' lang='lat' dir='ltr'><strong>tuos</strong></span> <span class='ocrx_word' id='word_1_23' title='bbox 549 691 717 750; x_wconf 76' lang='lat' dir='ltr'><strong>resuscitati</strong></span> <span class='ocrx_word' id='word_1_24' title='bbox 733 690 889 770; x_wconf 74' lang='lat' dir='ltr'><strong>respirent.</strong></span> <span class='ocrx_word' id='word_1_25' title='bbox 931 691 992 750; x_wconf 87' lang='lat' dir='ltr'><strong>Per</strong></span> <span class='ocrx_word' id='word_1_26' title='bbox 1013 691 1169 751; x_wconf 78' lang='lat' dir='ltr'><strong>Christum</strong></span> <span class='ocrx_word' id='word_1_27' title='bbox 1191 688 1354 749; x_wconf 86' lang='lat' dir='ltr'><strong>Dominum</strong></span> 
     </span>
     <span class='ocr_line' id='line_1_5' title="bbox 144 788 438 846; baseline -0.007 0"><span class='ocrx_word' id='word_1_28' title='bbox 144 793 287 846; x_wconf 80' lang='lat' dir='ltr'><strong>nostrum.</strong></span> <span class='ocrx_word' id='word_1_29' title='bbox 331 788 438 844; x_wconf 89' lang='lat' dir='ltr'><strong>Amen</strong></span> 
     </span>
    </p>
   </div>
   <div class='ocr_carea' id='block_1_5' title="bbox 206 883 695 960">
    <p class='ocr_par' dir='ltr' id='par_1_5' title="bbox 206 883 695 960">
     <span class='ocr_line' id='line_1_6' title="bbox 206 883 695 960; baseline 0.004 -20"><span class='ocrx_word' id='word_1_30' title='bbox 206 883 407 959; x_wconf 80' lang='lat' dir='ltr'><strong>Requiescant</strong></span> <span class='ocrx_word' id='word_1_31' title='bbox 419 883 453 940; x_wconf 91' lang='lat' dir='ltr'><strong>in</strong></span> <span class='ocrx_word' id='word_1_32' title='bbox 465 903 544 960; x_wconf 87' lang='lat' dir='ltr'><strong>pace.</strong></span> <span class='ocrx_word' id='word_1_33' title='bbox 586 884 695 943; x_wconf 87' lang='lat' dir='ltr'><strong>Amen.</strong></span> 
     </span>
    </p>
   </div>
   <div class='ocr_carea' id='block_1_6' title="bbox 144 995 1354 1167">
    <p class='ocr_par' dir='ltr' id='par_1_6' title="bbox 144 995 1354 1167">
     <span class='ocr_line' id='line_1_7' title="bbox 205 995 1354 1074; baseline 0 -21"><span class='ocrx_word' id='word_1_34' title='bbox 205 995 248 1054; x_wconf 83' lang='lat' dir='ltr'><strong>In</strong></span> <span class='ocrx_word' id='word_1_35' title='bbox 267 996 446 1071; x_wconf 67' lang='lat' dir='ltr'><em>processione</em></span> <span class='ocrx_word' id='word_1_36' title='bbox 464 1016 523 1072; x_wconf 77' lang='lat' dir='ltr'><strong>pro</strong></span> <span class='ocrx_word' id='word_1_37' title='bbox 542 1004 657 1055; x_wconf 69' lang='lat' dir='ltr'><strong>enacim</strong></span> <span class='ocrx_word' id='word_1_38' title='bbox 677 1004 851 1074; x_wconf 70' lang='lat' dir='ltr'><strong>asperyetar</strong></span> <span class='ocrx_word' id='word_1_39' title='bbox 869 1014 983 1074; x_wconf 71' lang='lat' dir='ltr'><strong>coepes,</strong></span> <span class='ocrx_word' id='word_1_40' title='bbox 997 1004 1024 1056; x_wconf 83' lang='lat' dir='ltr'><strong>et</strong></span> <span class='ocrx_word' id='word_1_41' title='bbox 1044 1003 1144 1056; x_wconf 79' lang='lat' dir='ltr'><strong>cretur</strong></span> <span class='ocrx_word' id='word_1_42' title='bbox 1158 1014 1218 1074; x_wconf 83' lang='lat' dir='ltr'><strong>pro</strong></span> <span class='ocrx_word' id='word_1_43' title='bbox 1239 1014 1270 1055; x_wconf 83' lang='lat' dir='ltr'><strong>ee</strong></span> <span class='ocrx_word' id='word_1_44' title='bbox 1289 1012 1354 1055; x_wconf 76' lang='lat' dir='ltr'><strong>oses</strong></span> 
     </span>
     <span class='ocr_line' id='line_1_8' title="bbox 144 1091 539 1167; baseline -0.01 -15"><span class='ocrx_word' id='word_1_45' title='bbox 144 1091 273 1152; x_wconf 81' lang='lat' dir='ltr'><strong>Psalmo.</strong></span> <span class='ocrx_word' id='word_1_46' title='bbox 317 1092 363 1148; x_wconf 91' lang='lat' dir='ltr'><strong>Dc</strong></span> <span class='ocrx_word' id='word_1_47' title='bbox 377 1092 539 1167; x_wconf 81' lang='lat' dir='ltr'><strong>profundis.</strong></span> 
     </span>
    </p>
   </div>
   <div class='ocr_carea' id='block_1_7' title="bbox 207 1187 1029 1346">
    <p class='ocr_par' dir='ltr' id='par_1_7' title="bbox 207 1187 1029 1346">
     <span class='ocr_line' id='line_1_9' title="bbox 207 1187 1029 1269; baseline 0.006 -24"><span class='ocrx_word' id='word_1_48' title='bbox 207 1187 305 1264; x_wconf 88' lang='lat' dir='ltr'><strong>Kyric</strong></span> <span class='ocrx_word' id='word_1_49' title='bbox 319 1187 445 1263; x_wconf 84' lang='lat' dir='ltr'><strong>eleyson</strong></span> <span class='ocrx_word' id='word_1_50' title='bbox 489 1188 608 1248; x_wconf 81' lang='lat' dir='ltr'><strong>Christe</strong></span> <span class='ocrx_word' id='word_1_51' title='bbox 621 1191 748 1268; x_wconf 76' lang='lat' dir='ltr'><strong>eleyson.</strong></span> <span class='ocrx_word' id='word_1_52' title='bbox 790 1190 889 1269; x_wconf 84' lang='lat' dir='ltr'><strong>Kyrie</strong></span> <span class='ocrx_word' id='word_1_53' title='bbox 902 1189 1029 1269; x_wconf 86' lang='lat' dir='ltr'><strong>eleyson.</strong></span> 
     </span>
     <span class='ocr_line' id='line_1_10' title="bbox 207 1285 632 1346; baseline 0.005 -3"><span class='ocrx_word' id='word_1_54' title='bbox 207 1285 419 1343; x_wconf 80' lang='lat' dir='ltr'><strong>Paternoster.</strong></span> <span class='ocrx_word' id='word_1_55' title='bbox 463 1285 505 1342; x_wconf 83' lang='lat' dir='ltr'><strong>Et</strong></span> <span class='ocrx_word' id='word_1_56' title='bbox 518 1305 556 1344; x_wconf 89' lang='lat' dir='ltr'><strong>ne</strong></span> <span class='ocrx_word' id='word_1_57' title='bbox 569 1306 632 1346; x_wconf 81' lang='lat' dir='ltr'><strong>nos.</strong></span> 
     </span>
    </p>
   </div>
   <div class='ocr_carea' id='block_1_8' title="bbox 207 1381 819 1540">
    <p class='ocr_par' dir='ltr' id='par_1_8' title="bbox 207 1381 819 1540">
     <span class='ocr_line' id='line_1_11' title="bbox 207 1381 819 1457; baseline 0.007 -17"><span class='ocrx_word' id='word_1_58' title='bbox 207 1381 354 1457; x_wconf 89' lang='lat' dir='ltr'><strong>Requiem</strong></span> <span class='ocrx_word' id='word_1_59' title='bbox 368 1387 509 1438; x_wconf 79' lang='lat' dir='ltr'><strong>eternam</strong></span> <span class='ocrx_word' id='word_1_60' title='bbox 523 1382 601 1440; x_wconf 82' lang='lat' dir='ltr'><strong>dono</strong></span> <span class='ocrx_word' id='word_1_61' title='bbox 613 1384 665 1457; x_wconf 90' lang='lat' dir='ltr'><strong>cis,</strong></span> <span class='ocrx_word' id='word_1_62' title='bbox 680 1383 819 1444; x_wconf 87' lang='lat' dir='ltr'><strong>Domine.</strong></span> 
     </span>
     <span class='ocr_line' id='line_1_12' title="bbox 207 1478 655 1540; baseline 0.009 -3"><span class='ocrx_word' id='word_1_63' title='bbox 207 1478 303 1537; x_wconf 84' lang='lat' dir='ltr'><strong>Orsdo</strong></span> <span class='ocrx_word' id='word_1_64' title='bbox 317 1479 417 1536; x_wconf 85' lang='lat' dir='ltr'><strong>videre</strong></span> <span class='ocrx_word' id='word_1_65' title='bbox 432 1479 509 1538; x_wconf 85' lang='lat' dir='ltr'><strong>bone</strong></span> <span class='ocrx_word' id='word_1_66' title='bbox 523 1480 655 1540; x_wconf 85' lang='lat' dir='ltr'><strong>Domini</strong></span> 
     </span>
    </p>
   </div>
   <div class='ocr_carea' id='block_1_9' title="bbox 206 1575 1353 2429">
    <p class='ocr_par' dir='ltr' id='par_1_9' title="bbox 206 1575 449 1652">
     <span class='ocr_line' id='line_1_13' title="bbox 206 1575 449 1652; baseline 0.004 -20"><span class='ocrx_word' id='word_1_67' title='bbox 206 1576 239 1632; x_wconf 82' lang='lat' dir='ltr'>A</span> <span class='ocrx_word' id='word_1_68' title='bbox 253 1581 339 1652; x_wconf 73' lang='lat' dir='ltr'><strong>poris</strong></span> <span class='ocrx_word' id='word_1_69' title='bbox 353 1575 449 1634; x_wconf 84' lang='lat' dir='ltr'><strong>inferi.</strong></span> 
     </span>
    </p>

    <p class='ocr_par' dir='ltr' id='par_1_10' title="bbox 208 1672 546 1749">
     <span class='ocr_line' id='line_1_14' title="bbox 208 1672 546 1749; baseline 0.015 -22"><span class='ocrx_word' id='word_1_70' title='bbox 208 1672 409 1747; x_wconf 83' lang='lat' dir='ltr'><strong>Requiescent</strong></span> <span class='ocrx_word' id='word_1_71' title='bbox 422 1672 455 1729; x_wconf 92' lang='lat' dir='ltr'><strong>in</strong></span> <span class='ocrx_word' id='word_1_72' title='bbox 468 1691 546 1749; x_wconf 85' lang='lat' dir='ltr'><strong>psce.</strong></span> 
     </span>
    </p>

    <p class='ocr_par' dir='ltr' id='par_1_11' title="bbox 208 1767 530 1828">
     <span class='ocr_line' id='line_1_15' title="bbox 208 1767 530 1828; baseline 0.006 -2"><span class='ocrx_word' id='word_1_73' title='bbox 208 1767 357 1826; x_wconf 85' lang='lat' dir='ltr'><strong>Dominus</strong></span> <span class='ocrx_word' id='word_1_74' title='bbox 371 1769 530 1828; x_wconf 87' lang='lat' dir='ltr'><strong>vobiscum.</strong></span> 
     </span>
    </p>

    <p class='ocr_par' dir='ltr' id='par_1_12' title="bbox 209 1866 344 1924">
     <span class='ocr_line' id='line_1_16' title="bbox 209 1866 344 1924; baseline -0.015 0"><span class='ocrx_word' id='word_1_75' title='bbox 209 1866 344 1924; x_wconf 88' lang='lat' dir='ltr'><strong>Oremus.</strong></span> 
     </span>
    </p>

    <p class='ocr_par' dir='ltr' id='par_1_13' title="bbox 209 1960 862 2042">
     <span class='ocr_line' id='line_1_17' title="bbox 209 1960 862 2042; baseline 0.003 -22"><span class='ocrx_word' id='word_1_76' title='bbox 209 1960 319 2020; x_wconf 81' lang='lat' dir='ltr'><strong>Oratio.</strong></span> <span class='ocrx_word' id='word_1_77' title='bbox 363 1961 560 2039; x_wconf 77' lang='lat' dir='ltr'><strong>Omnipotens</strong></span> <span class='ocrx_word' id='word_1_78' title='bbox 573 1964 752 2042; x_wconf 79' lang='lat' dir='ltr'><strong>sempiterne</strong></span> <span class='ocrx_word' id='word_1_79' title='bbox 766 1964 862 2022; x_wconf 84' lang='lat' dir='ltr'><strong>Deus</strong></span> 
     </span>
    </p>

    <p class='ocr_par' dir='ltr' id='par_1_14' title="bbox 209 2060 652 2133">
     <span class='ocr_line' id='line_1_18' title="bbox 209 2060 652 2133; baseline 0 -13"><span class='ocrx_word' id='word_1_80' title='bbox 209 2060 321 2123; x_wconf 77' lang='lat' dir='ltr'><strong>Oratio.</strong></span> <span class='ocrx_word' id='word_1_81' title='bbox 367 2065 496 2133; x_wconf 83' lang='lat' dir='ltr'><strong>Inclina,</strong></span> <span class='ocrx_word' id='word_1_82' title='bbox 512 2063 652 2122; x_wconf 87' lang='lat' dir='ltr'><strong>Domine.</strong></span> 
     </span>
    </p>

    <p class='ocr_par' dir='ltr' id='par_1_15' title="bbox 211 2157 978 2238">
     <span class='ocr_line' id='line_1_19' title="bbox 211 2157 978 2238; baseline -0.001 -22"><span class='ocrx_word' id='word_1_83' title='bbox 211 2157 323 2237; x_wconf 77' lang='lat' dir='ltr'><strong>Oratio.</strong></span> <span class='ocrx_word' id='word_1_84' title='bbox 368 2163 554 2233; x_wconf 78' lang='lat' dir='ltr'><strong>Quaesumus,</strong></span> <span class='ocrx_word' id='word_1_85' title='bbox 571 2159 710 2232; x_wconf 89' lang='lat' dir='ltr'><strong>Domine,</strong></span> <span class='ocrx_word' id='word_1_86' title='bbox 724 2179 779 2238; x_wconf 84' lang='lat' dir='ltr'><strong>pro</strong></span> <span class='ocrx_word' id='word_1_87' title='bbox 792 2164 846 2218; x_wconf 81' lang='lat' dir='ltr'><strong>tue</strong></span> <span class='ocrx_word' id='word_1_88' title='bbox 858 2158 978 2236; x_wconf 78' lang='lat' dir='ltr'><strong>pietate.</strong></span> 
     </span>
    </p>

    <p class='ocr_par' dir='ltr' id='par_1_16' title="bbox 210 2254 1179 2334">
     <span class='ocr_line' id='line_1_20' title="bbox 210 2254 1179 2334; baseline -0.003 -20"><span class='ocrx_word' id='word_1_89' title='bbox 210 2254 321 2315; x_wconf 80' lang='lat' dir='ltr'><strong>Oratio.</strong></span> <span class='ocrx_word' id='word_1_90' title='bbox 367 2258 509 2329; x_wconf 87' lang='lat' dir='ltr'><strong>Absolve,</strong></span> <span class='ocrx_word' id='word_1_91' title='bbox 521 2277 698 2334; x_wconf 75' lang='lat' dir='ltr'><strong>quesumus,</strong></span> <span class='ocrx_word' id='word_1_92' title='bbox 709 2259 848 2332; x_wconf 86' lang='lat' dir='ltr'><strong>Domine,</strong></span> <span class='ocrx_word' id='word_1_93' title='bbox 859 2257 990 2316; x_wconf 82' lang='lat' dir='ltr'><strong>enimam</strong></span> <span class='ocrx_word' id='word_1_94' title='bbox 1003 2254 1109 2314; x_wconf 82' lang='lat' dir='ltr'><strong>famuli</strong></span> <span class='ocrx_word' id='word_1_95' title='bbox 1122 2254 1179 2312; x_wconf 78' lang='lat' dir='ltr'><strong>tui.</strong></span> 
     </span>
    </p>

    <p class='ocr_par' dir='ltr' id='par_1_17' title="bbox 210 2351 1353 2429">
     <span class='ocr_line' id='line_1_21' title="bbox 210 2351 1353 2429; baseline -0.004 -17"><span class='ocrx_word' id='word_1_96' title='bbox 210 2352 321 2414; x_wconf 80' lang='lat' dir='ltr'><strong>Oratio.</strong></span> <span class='ocrx_word' id='word_1_97' title='bbox 364 2355 511 2414; x_wconf 88' lang='lat' dir='ltr'><strong>Fidelium</strong></span> <span class='ocrx_word' id='word_1_98' title='bbox 537 2355 620 2414; x_wconf 90' lang='lat' dir='ltr'><strong>Deus</strong></span> <span class='ocrx_word' id='word_1_99' title='bbox 639 2357 771 2415; x_wconf 89' lang='lat' dir='ltr'><strong>omnium</strong></span> <span class='ocrx_word' id='word_1_100' title='bbox 795 2355 932 2415; x_wconf 86' lang='lat' dir='ltr'><strong>conditor</strong></span> <span class='ocrx_word' id='word_1_101' title='bbox 951 2360 983 2413; x_wconf 80' lang='lat' dir='ltr'><strong>et</strong></span> <span class='ocrx_word' id='word_1_102' title='bbox 996 2353 1167 2429; x_wconf 84' lang='lat' dir='ltr'><strong>redemptor</strong></span> <span class='ocrx_word' id='word_1_103' title='bbox 1180 2351 1353 2408; x_wconf 77' lang='lat' dir='ltr'><strong>animorum.</strong></span> 
     </span>
    </p>
   </div>
   <div class='ocr_carea' id='block_1_10' title="bbox 210 2460 1367 2544">
    <p class='ocr_par' dir='ltr' id='par_1_18' title="bbox 210 2460 1367 2544">
     <span class='ocr_line' id='line_1_22' title="bbox 210 2460 1367 2544; baseline -0.005 -19"><span class='ocrx_word' id='word_1_104' title='bbox 210 2467 295 2526; x_wconf 73' lang='lat' dir='ltr'><strong>Tunc</strong></span> <span class='ocrx_word' id='word_1_105' title='bbox 307 2466 472 2544; x_wconf 73' lang='lat' dir='ltr'><strong>deportans</strong></span> <span class='ocrx_word' id='word_1_106' title='bbox 486 2471 526 2527; x_wconf 78' lang='lat' dir='ltr'><strong>act</strong></span> <span class='ocrx_word' id='word_1_107' title='bbox 539 2467 700 2527; x_wconf 77' lang='lat' dir='ltr'><strong>Ecclesiam</strong></span> <span class='ocrx_word' id='word_1_108' title='bbox 710 2489 778 2528; x_wconf 82' lang='lat' dir='ltr'><strong>cem</strong></span> <span class='ocrx_word' id='word_1_109' title='bbox 790 2466 991 2544; x_wconf 78' lang='lat' dir='ltr'><strong>Responeoric.</strong></span> <span class='ocrx_word' id='word_1_110' title='bbox 1028 2463 1138 2522; x_wconf 82' lang='lat' dir='ltr'><strong>Libere</strong></span> <span class='ocrx_word' id='word_1_111' title='bbox 1148 2480 1206 2534; x_wconf 90' lang='lat' dir='ltr'><strong>me,</strong></span> <span class='ocrx_word' id='word_1_112' title='bbox 1219 2460 1367 2521; x_wconf 82' lang='lat' dir='ltr'><strong>Domine.-</strong></span> 
     </span>
    </p>
   </div>
   <div class='ocr_carea' id='block_1_11' title="bbox 210 2587 1220 2667">
    <p class='ocr_par' dir='ltr' id='par_1_19' title="bbox 210 2587 1220 2667">
     <span class='ocr_line' id='line_1_23' title="bbox 210 2587 1220 2667; baseline 0.001 -21"><span class='ocrx_word' id='word_1_113' title='bbox 210 2587 289 2647; x_wconf 83' lang='lat' dir='ltr'><strong>Oam</strong></span> <span class='ocrx_word' id='word_1_114' title='bbox 302 2590 435 2648; x_wconf 82' lang='lat' dir='ltr'><strong>Ecclesia</strong></span> <span class='ocrx_word' id='word_1_115' title='bbox 448 2591 735 2667; x_wconf 77' lang='lat' dir='ltr'><strong>appropinquaverit,</strong></span> <span class='ocrx_word' id='word_1_116' title='bbox 751 2590 870 2648; x_wconf 78' lang='lat' dir='ltr'><strong>dicatur</strong></span> <span class='ocrx_word' id='word_1_117' title='bbox 882 2587 1074 2663; x_wconf 68' lang='lat' dir='ltr'><strong>Antiphone:</strong></span> <span class='ocrx_word' id='word_1_118' title='bbox 1210 2652 1220 2665; x_wconf 52' lang='lat'><em>‚</em></span> 
     </span>
    </p>
   </div>
   <div class='ocr_carea' id='block_1_12' title="bbox 211 2852 1335 2936">
    <p class='ocr_par' dir='ltr' id='par_1_20' title="bbox 211 2852 1335 2936">
     <span class='ocr_line' id='line_1_24' title="bbox 211 2852 1335 2936; baseline -0.003 -21"><span class='ocrx_word' id='word_1_119' title='bbox 211 2860 250 2916; x_wconf 92' lang='lat' dir='ltr'><strong>In</strong></span> <span class='ocrx_word' id='word_1_120' title='bbox 283 2862 538 2934; x_wconf 85' lang='lat' dir='ltr'><strong>pe-re·dis-um</strong></span> <span class='ocrx_word' id='word_1_121' title='bbox 564 2862 808 2920; x_wconf 78' lang='lat' dir='ltr'><strong>de-du-eancce</strong></span> <span class='ocrx_word' id='word_1_122' title='bbox 845 2859 1044 2936; x_wconf 86' lang='lat' dir='ltr'><strong>sn-ge-li‚</strong></span> <span class='ocrx_word' id='word_1_123' title='bbox 1085 2859 1117 2914; x_wconf 91' lang='lat' dir='ltr'><strong>in</strong></span> <span class='ocrx_word' id='word_1_124' title='bbox 1165 2862 1253 2914; x_wconf 59' lang='grc' dir='ltr'>ιιι-ο</span> <span class='ocrx_word' id='word_1_125' title='bbox 1289 2852 1335 2912; x_wconf 83' lang='lat' dir='ltr'><strong>sd·</strong></span> 
     </span>
    </p>
   </div>
   <div class='ocr_carea' id='block_1_13' title="bbox 150 3015 1352 3163">
    <p class='ocr_par' dir='ltr' id='par_1_21' title="bbox 150 3015 1352 3163">
     <span class='ocr_line' id='line_1_25' title="bbox 150 3015 1352 3163; baseline -0.003 -2"><span class='ocrx_word' id='word_1_126' title='bbox 150 3015 1352 3163; x_wconf 55' lang='lat' dir='ltr'><em>W</em></span> 
     </span>
    </p>
   </div>
   <div class='ocr_carea' id='block_1_14' title="bbox 179 3182 1322 3265">
    <p class='ocr_par' dir='ltr' id='par_1_22' title="bbox 179 3182 1322 3265">
     <span class='ocr_line' id='line_1_26' title="bbox 179 3182 1322 3265; baseline 0 -24"><span class='ocrx_word' id='word_1_127' title='bbox 179 3194 299 3244; x_wconf 79' lang='lat' dir='ltr'><strong>ven-tu</strong></span> <span class='ocrx_word' id='word_1_128' title='bbox 327 3191 563 3265; x_wconf 83' lang='lat' dir='ltr'><strong>sus-ci-pi-ent</strong></span> <span class='ocrx_word' id='word_1_129' title='bbox 590 3199 620 3248; x_wconf 85' lang='lat' dir='ltr'><strong>to</strong></span> <span class='ocrx_word' id='word_1_130' title='bbox 643 3196 869 3265; x_wconf 62' lang='lat' dir='ltr'><strong>marey-res,</strong></span> <span class='ocrx_word' id='word_1_131' title='bbox 922 3194 954 3245; x_wconf 82' lang='lat' dir='ltr'><strong>et</strong></span> <span class='ocrx_word' id='word_1_132' title='bbox 980 3187 1191 3264; x_wconf 79' lang='lat' dir='ltr'><strong>per-du-csnt</strong></span> <span class='ocrx_word' id='word_1_133' title='bbox 1225 3191 1257 3242; x_wconf 77' lang='lat' dir='ltr'><strong>ie</strong></span> <span class='ocrx_word' id='word_1_134' title='bbox 1292 3182 1322 3241; x_wconf 87' lang='lat' dir='ltr'><strong>in</strong></span> 
     </span>
    </p>
   </div>
   <div class='ocr_carea' id='block_1_15' title="bbox 150 3339 930 3509">
    <p class='ocr_par' dir='ltr' id='par_1_23' title="bbox 150 3339 930 3509">
     <span class='ocr_line' id='line_1_27' title="bbox 150 3339 930 3509; baseline 0.028 -22"><span class='ocrx_word' id='word_1_135' title='bbox 150 3339 930 3509; x_wconf 55' lang='lat' dir='ltr'><em>Q</em></span> 
     </span>
    </p>
   </div>
   <div class='ocr_carea' id='block_1_16' title="bbox 184 3512 891 3574">
    <p class='ocr_par' dir='ltr' id='par_1_24' title="bbox 184 3512 891 3574">
     <span class='ocr_line' id='line_1_28' title="bbox 184 3512 891 3574; baseline 0.003 -5"><span class='ocrx_word' id='word_1_136' title='bbox 184 3512 415 3572; x_wconf 80' lang='lat' dir='ltr'><strong>ci·vi-te-te1n</strong></span> <span class='ocrx_word' id='word_1_137' title='bbox 444 3525 595 3574; x_wconf 83' lang='lat' dir='ltr'><strong>senc-tam</strong></span> <span class='ocrx_word' id='word_1_138' title='bbox 624 3515 891 3574; x_wconf 75' lang='lat' dir='ltr'><strong>Hie-ru-sslem.</strong></span> 
     </span>
    </p>
   </div>
   <div class='ocr_carea' id='block_1_17' title="bbox 210 3665 1098 3813">
    <p class='ocr_par' dir='ltr' id='par_1_25' title="bbox 210 3665 1098 3813">
     <span class='ocr_line' id='line_1_29' title="bbox 210 3665 1098 3813; baseline 0.009 -49"><span class='ocrx_word' id='word_1_139' title='bbox 210 3706 358 3766; x_wconf 80' lang='lat' dir='ltr'><strong>Psalmae.</strong></span> <span class='ocrx_word' id='word_1_140' title='bbox 401 3708 552 3767; x_wconf 87' lang='lat' dir='ltr'><strong>Miserere.</strong></span> <span class='ocrx_word' id='word_1_141' title='bbox 617 3665 1098 3813; x_wconf 58' lang='lat' dir='ltr'><em>Q</em></span> 
     </span>
    </p>
   </div>
   <div class='ocr_carea' id='block_1_18' title="bbox 211 3903 1038 4450">
    <p class='ocr_par' dir='ltr' id='par_1_26' title="bbox 211 3903 1038 4063">
     <span class='ocr_line' id='line_1_30' title="bbox 211 3903 1038 3983; baseline -0.004 -21"><span class='ocrx_word' id='word_1_142' title='bbox 211 3904 309 3980; x_wconf 87' lang='lat' dir='ltr'><strong>Kyrio</strong></span> <span class='ocrx_word' id='word_1_143' title='bbox 324 3905 450 3981; x_wconf 84' lang='lat' dir='ltr'><strong>eleyson.</strong></span> <span class='ocrx_word' id='word_1_144' title='bbox 495 3905 613 3964; x_wconf 79' lang='lat' dir='ltr'><strong>Christe</strong></span> <span class='ocrx_word' id='word_1_145' title='bbox 627 3906 753 3983; x_wconf 85' lang='lat' dir='ltr'><strong>eleyson.</strong></span> <span class='ocrx_word' id='word_1_146' title='bbox 798 3905 896 3982; x_wconf 87' lang='lat' dir='ltr'><strong>Kyrie</strong></span> <span class='ocrx_word' id='word_1_147' title='bbox 909 3903 1038 3980; x_wconf 86' lang='lat' dir='ltr'><strong>eleyson.</strong></span> 
     </span>
     <span class='ocr_line' id='line_1_31' title="bbox 212 4000 635 4063; baseline 0.007 -5"><span class='ocrx_word' id='word_1_148' title='bbox 212 4000 303 4060; x_wconf 84' lang='lat' dir='ltr'><strong>Peter</strong></span> <span class='ocrx_word' id='word_1_149' title='bbox 316 4009 424 4061; x_wconf 80' lang='lat' dir='ltr'><strong>noster.</strong></span> <span class='ocrx_word' id='word_1_150' title='bbox 468 4003 509 4060; x_wconf 79' lang='lat' dir='ltr'><strong>Ec</strong></span> <span class='ocrx_word' id='word_1_151' title='bbox 523 4021 560 4060; x_wconf 91' lang='lat' dir='ltr'><strong>ne</strong></span> <span class='ocrx_word' id='word_1_152' title='bbox 573 4022 635 4063; x_wconf 85' lang='lat' dir='ltr'><strong>nos.</strong></span> 
     </span>
    </p>

    <p class='ocr_par' dir='ltr' id='par_1_27' title="bbox 212 4098 524 4175">
     <span class='ocr_line' id='line_1_32' title="bbox 212 4098 524 4175; baseline -0.003 -18"><span class='ocrx_word' id='word_1_153' title='bbox 212 4098 358 4175; x_wconf 86' lang='lat' dir='ltr'><strong>Requiem</strong></span> <span class='ocrx_word' id='word_1_154' title='bbox 374 4107 524 4157; x_wconf 82' lang='lat' dir='ltr'><strong>aeternam.</strong></span> 
     </span>
    </p>

    <p class='ocr_par' dir='ltr' id='par_1_28' title="bbox 212 4194 659 4255">
     <span class='ocr_line' id='line_1_33' title="bbox 212 4194 659 4255; baseline 0.004 -2"><span class='ocrx_word' id='word_1_155' title='bbox 212 4194 307 4253; x_wconf 84' lang='lat' dir='ltr'><strong>Oredo</strong></span> <span class='ocrx_word' id='word_1_156' title='bbox 322 4196 422 4254; x_wconf 86' lang='lat' dir='ltr'><strong>videro</strong></span> <span class='ocrx_word' id='word_1_157' title='bbox 435 4198 513 4254; x_wconf 84' lang='lat' dir='ltr'><strong>bona</strong></span> <span class='ocrx_word' id='word_1_158' title='bbox 527 4196 659 4255; x_wconf 90' lang='lat' dir='ltr'><strong>Domini.</strong></span> 
     </span>
    </p>

    <p class='ocr_par' dir='ltr' id='par_1_29' title="bbox 213 4292 455 4368">
     <span class='ocr_line' id='line_1_34' title="bbox 213 4292 455 4368; baseline 0.004 -19"><span class='ocrx_word' id='word_1_159' title='bbox 213 4292 243 4349; x_wconf 80' lang='lat' dir='ltr'>A</span> <span class='ocrx_word' id='word_1_160' title='bbox 258 4298 346 4368; x_wconf 70' lang='lat' dir='ltr'><strong>porte</strong></span> <span class='ocrx_word' id='word_1_161' title='bbox 360 4293 455 4350; x_wconf 80' lang='lat' dir='ltr'><strong>inferi.</strong></span> 
     </span>
    </p>

    <p class='ocr_par' dir='ltr' id='par_1_30' title="bbox 214 4390 539 4450">
     <span class='ocr_line' id='line_1_35' title="bbox 214 4390 539 4450; baseline 0 -1"><span class='ocrx_word' id='word_1_162' title='bbox 214 4390 365 4450; x_wconf 86' lang='lat' dir='ltr'><strong>Dominus</strong></span> <span class='ocrx_word' id='word_1_163' title='bbox 378 4393 539 4450; x_wconf 83' lang='lat' dir='ltr'><strong>vobiscum.</strong></span> 
     </span>
    </p>
   </div>
   <div class='ocr_carea' id='block_1_19' title="bbox 0 0 1401 4852">
    <p class='ocr_par' dir='ltr' id='par_1_31' title="bbox 0 0 1401 4852">
     <span class='ocr_line' id='line_1_36' title="bbox 0 0 1401 4852; baseline 0 0"><span class='ocrx_word' id='word_1_164' title='bbox 0 0 1401 4852; x_wconf 95' lang='lat' dir='ltr'><strong> </strong></span> 
     </span>
    </p>
   </div>
  </div>
 </body>
</html>
