2768 4852
140 301 184 374 74
532 298 706 386 Ecoequicc
728 299 955 367 Mortuerum.

200 481 249 541 Ne
260 482 418 541 tradideris
428 502 475 541 me
485 482 517 540 in
528 483 643 541 animas
656 483 868 542 tribulantium
878 502 925 542 me
935 504 942 543 :
964 482 1107 561 quoniam
1117 483 1345 543 insurrexerrmt

140 581 172 640 in
187 598 233 637 me
247 587 336 638 testes
350 582 457 657 iniqui,
471 587 503 639 et
518 582 644 639 mentita
657 588 702 639 est
716 581 861 658 iniquitas
874 581 940 639 sibi.

202 677 297 737 credo
312 679 413 736 videro
428 681 506 737 bona
519 679 645 737 Domini
657 680 691 737 in
703 688 784 738 terra
797 679 976 738 viventium

202 773 336 851 Expecta
350 776 525 850 Dominum,
535 777 664 834 viriliter
677 796 748 854 age:
769 781 800 835 et
814 777 999 835 eonfortetur
1011 795 1063 835 cor
1077 783 1174 851 tuum,
1189 784 1221 836 et
1234 777 1339 838 sustim

142 872 313 930 Dominum.

201 1000 382 1077 Antiphone.

171 1102 666 1173 rn-
691 1104 786 1137 ..Ι
812 1106 965 1137 ..η
990 1106 1024 1138 Ι
1049 1106 1303 1140 -Ι

203 1256 315 1315 cre-do
343 1257 465 1315 vi-de-
484 1277 516 1314 re
543 1258 639 1315 bo-na
659 1257 820 1314 Domi-ni
842 1258 875 1315 in
898 1264 996 1316 ter-ra
1030 1258 1276 1318 vi-ven-ti-um.

147 1385 177 1445 V.
202 1386 233 1444 N
234 1407 250 1445 e
264 1387 364 1445 tradas
378 1388 481 1445 bestiis
495 1389 609 1446 animes
623 1387 799 1446 confitentes
812 1388 877 1447 titt

140 1482 178 1541 R.
202 1482 244 1540 Et
270 1483 384 1542 animas
410 1484 443 1541 in
470 1490 552 1543 terra
576 1484 743 1542 viventium
770 1502 933 1563 pauperum
958 1489 1080 1541 tuorum
1104 1504 1144 1543 ne
1167 1480 1336 1543 obliviscaris·

141 1584 175 1644 in
188 1584 286 1642 finem.

201 1679 299 1738 Lectio
313 1687 422 1754 quarto
435 1677 510 1754 (Jot
523 1677 609 1755 ciii.)

202 1776 360 1852 Responde
376 1774 470 1832 mihi:
494 1775 628 1844 Quantas
648 1773 742 1832 habeo
762 1772 947 1851 iniquitates,
961 1779 992 1831 et
1005 1780 1134 1851 peecata,
1150 1774 1331 1844 soelorsmoe.

139 1879 172 1934 ct
184 1873 293 1931 delicta
313 1871 434 1930 ostonde
454 1870 536 1928 mihi
580 1869 643 1928 Gur
665 1870 772 1928 faciem
793 1876 878 1928 tuam
897 1870 1062 1943 abscondis,
1075 1876 1108 1930 et
1127 1871 1280 1930 arbitraris
1295 1886 1332 1928 ns

138 1969 293 2031 inimicum
309 1970 416 2025 tuumt
454 1968 566 2024 Contra
579 1965 693 2037 folium,
704 1965 783 2044 quod
794 1972 885 2025 vento
897 1965 1022 2043 rapitur,
1037 1967 1171 2026 ostendis
1183 1964 1332 2045 potentiam

139 2073 233 2137 tuam,
249 2071 280 2122 et
296 2064 438 2140 stipulam
458 2064 565 2121 siccam
585 2063 776 2141 persequeris.
820 2062 932 2121 Scribis
951 2063 1031 2121 enim
1052 2070 1159 2123 oontrs
1178 2083 1226 2124 me
1243 2061 1334 2123 amati·

139 2161 268 2229 tudines,
284 2165 315 2217 et
331 2179 502 2217 consumere
522 2178 570 2217 me
593 2158 639 2217 vis
662 2159 791 2236 puocatis
812 2158 1016 2217 adolescentia
1037 2178 1119 2218 mem.
1162 2157 1332 2218 Posuistiis

139 2278 232 2319 nervo
246 2257 349 2334 pedem
364 2278 472 2329 meum,
484 2263 516 2316 et
528 2257 691 2316 observasti
705 2276 807 2315 omnes
820 2256 941 2315 semitas
953 2275 1043 2329 mens,
1054 2263 1086 2315 et
1099 2257 1227 2335 vestigia
1238 2255 1332 2335 pedum

139 2376 274 2416 meorum
296 2354 504 2414 considerasti:
534 2355 587 2431 qui
609 2354 693 2431 quasi
715 2354 842 2432 putredo
863 2354 1080 2415 consumendus
1106 2375 1184 2430 sum,
1209 2362 1242 2416 et
1260 2350 1333 2433 qnasi

140 2454 363 2527 vestimentum,
378 2453 457 2529 quod
471 2451 636 2509 comeditur
649 2471 667 2508 a
680 2452 769 2510 tinea.

201 2592 436 2669 Idomeneo-rium.

139 2692 1334 2844 m

226 2860 297 2914 Heu
346 2858 473 2928 rui-hi,
508 2857 555 2912 Do
578 2857 652 2911 -uri
678 2890 687 2898 ·
713 2876 759 2926 ne,
881 2856 997 2933 qui-a
1048 2876 1101 2932 pec
1126 2891 1136 2899 -
1162 2876 1197 2914 oa
1230 2892 1241 2902 ·
1271 2857 1300 2914 ri
1372 2926 1378 2935 ,

140 3039 1334 3193 w

1362 2032 1378 2747 1

210 3208 357 3264 ni-rnis
401 3209 430 3263 iu
486 3207 636 3263 vi--ta
751 3210 895 3263 me-a!
928 3206 1008 3275 Quid
1042 3207 1232 3264 sa-ci·am
1265 3206 1320 3263 mi·
1368 3276 1371 3281 Ι

141 3371 1335 3576 Q

201 3599 265 3652 seri
360 3594 539 3653 U·-bi
601 3592 1007 3667 fir-gi-am,ni-si
1052 3592 1090 3649 ad
1138 3599 1179 3664 te,

140 3776 1336 3951 m

188 3973 316 4031 De-us
366 3992 413 4029 mo
448 3972 588 4028 --usi
623 3971 931 4029 bii-so-re--re
987 3991 1033 4028 ure
1075 4005 1084 4015 -
1129 4004 1140 4015 ·
1184 4004 1196 4016 ·
1240 3970 1307 4039 -i,

214 4353 295 4411 Dum
370 4356 607 4413 ve-ne-ris
827 4357 858 4412 in
909 4355 1215 4416 no-ris-si·mo
