<?xml version="1.0" encoding="UTF-8"?>
<!DOCTYPE html PUBLIC "-//W3C//DTD XHTML 1.0 Transitional//EN"
    "http://www.w3.org/TR/xhtml1/DTD/xhtml1-transitional.dtd">
<html xmlns="http://www.w3.org/1999/xhtml" xml:lang="en" lang="en">
 <head>
  <title>
</title>
<meta http-equiv="Content-Type" content="text/html;charset=utf-8" />
  <meta name='ocr-system' content='tesseract 3.04.00' />
  <meta name='ocr-capabilities' content='ocr_page ocr_carea ocr_par ocr_line ocrx_word'/>
</head>
<body>
  <div class='ocr_page' id='page_1' title='image "./manualeetproces01minsgoog_0044.png"; bbox 0 0 2768 4852; ppageno 0'>
   <div class='ocr_carea' id='block_1_1' title="bbox 304 318 1260 424">
    <p class='ocr_par' dir='ltr' id='par_1_1' title="bbox 304 318 1260 424">
     <span class='ocr_line' id='line_1_1' title="bbox 304 318 1260 424; baseline 0 -1"><span class='ocrx_word' id='word_1_1' title='bbox 304 355 393 423; x_wconf 85' lang='lat' dir='ltr'>Ordo</span> <span class='ocrx_word' id='word_1_2' title='bbox 415 355 463 422; x_wconf 82' lang='lat' dir='ltr'>ud</span> <span class='ocrx_word' id='word_1_3' title='bbox 485 318 767 423; x_wconf 79' lang='lat' dir='ltr'>Ootecbunwuum</span> <span class='ocrx_word' id='word_1_4' title='bbox 787 355 1009 423; x_wconf 75' lang='lat' dir='ltr'>Fucintdum.</span> <span class='ocrx_word' id='word_1_5' title='bbox 1240 360 1260 424; x_wconf 83' lang='lat'><strong>9</strong></span> 
     </span>
    </p>
   </div>
   <div class='ocr_carea' id='block_1_2' title="bbox 57 538 1261 2938">
    <p class='ocr_par' dir='ltr' id='par_1_2' title="bbox 57 538 1261 716">
     <span class='ocr_line' id='line_1_2' title="bbox 57 538 1261 619; baseline -0.001 -20"><span class='ocrx_word' id='word_1_6' title='bbox 57 556 163 599; x_wconf 83' lang='lat' dir='ltr'>onem</span> <span class='ocrx_word' id='word_1_7' title='bbox 184 539 356 615; x_wconf 75' lang='lat' dir='ltr'><strong>fontemque</strong></span> <span class='ocrx_word' id='word_1_8' title='bbox 369 539 557 616; x_wconf 87' lang='lat' dir='ltr'>baptismatis</span> <span class='ocrx_word' id='word_1_9' title='bbox 577 539 655 597; x_wconf 89' lang='lat' dir='ltr'>dono</span> <span class='ocrx_word' id='word_1_10' title='bbox 675 557 780 598; x_wconf 83' lang='lat' dir='ltr'>vocare</span> <span class='ocrx_word' id='word_1_11' title='bbox 793 540 934 618; x_wconf 81' lang='lat' dir='ltr'>dignatus</span> <span class='ocrx_word' id='word_1_12' title='bbox 946 546 992 599; x_wconf 82' lang='lat' dir='ltr'>eet</span> <span class='ocrx_word' id='word_1_13' title='bbox 999 559 1009 614; x_wconf 88' lang='lat'>;</span> <span class='ocrx_word' id='word_1_14' title='bbox 1030 545 1061 599; x_wconf 85' lang='lat' dir='ltr'>et</span> <span class='ocrx_word' id='word_1_15' title='bbox 1073 538 1129 599; x_wconf 91' lang='lat' dir='ltr'>hoc</span> <span class='ocrx_word' id='word_1_16' title='bbox 1141 538 1261 619; x_wconf 79' lang='lat' dir='ltr'>signum</span> 
     </span>
     <span class='ocr_line' id='line_1_3' title="bbox 57 634 362 716; baseline -0.023 -15"><span class='ocrx_word' id='word_1_17' title='bbox 57 637 142 701; x_wconf 72' lang='lat' dir='ltr'>ucis</span> <span class='ocrx_word' id='word_1_18' title='bbox 156 634 206 716; x_wconf 56' lang='grc' dir='ltr'>ᾧ,</span> <span class='ocrx_word' id='word_1_19' title='bbox 222 644 248 694; x_wconf 84' lang='lat' dir='ltr'>et</span> <span class='ocrx_word' id='word_1_20' title='bbox 262 644 362 695; x_wconf 80' lang='lat' dir='ltr'>cetero.</span> 
     </span>
    </p>

    <p class='ocr_par' dir='ltr' id='par_1_3' title="bbox 99 731 880 810">
     <span class='ocr_line' id='line_1_4' title="bbox 99 731 880 810; baseline 0.003 -19"><span class='ocrx_word' id='word_1_21' title='bbox 99 732 270 808; x_wconf 73' lang='lat' dir='ltr'>Aslp&#39;urutio</span> <span class='ocrx_word' id='word_1_22' title='bbox 283 731 525 810; x_wconf 67' lang='lat' dir='ltr'><strong><em>superseminant</em></strong></span> <span class='ocrx_word' id='word_1_23' title='bbox 540 741 657 792; x_wconf 69' lang='lat' dir='ltr'>mutum</span> <span class='ocrx_word' id='word_1_24' title='bbox 670 734 732 793; x_wconf 62' lang='lat' dir='ltr'>aare</span> <span class='ocrx_word' id='word_1_25' title='bbox 746 733 880 793; x_wconf 68' lang='lat' dir='ltr'>Oramus.</span> 
     </span>
    </p>

    <p class='ocr_par' dir='ltr' id='par_1_4' title="bbox 57 829 1258 1198">
     <span class='ocr_line' id='line_1_5' title="bbox 99 829 1258 908; baseline 0 -20"><span class='ocrx_word' id='word_1_26' title='bbox 99 829 254 888; x_wconf 83' lang='lat' dir='ltr'>Exercizo</span> <span class='ocrx_word' id='word_1_27' title='bbox 275 836 315 901; x_wconf 84' lang='lat' dir='ltr'>te,</span> <span class='ocrx_word' id='word_1_28' title='bbox 329 830 483 889; x_wconf 82' lang='lat' dir='ltr'>immunde</span> <span class='ocrx_word' id='word_1_29' title='bbox 504 831 637 908; x_wconf 88' lang='lat' dir='ltr'>spiritus,</span> <span class='ocrx_word' id='word_1_30' title='bbox 651 850 704 907; x_wconf 88' lang='lat' dir='ltr'>per</span> <span class='ocrx_word' id='word_1_31' title='bbox 725 830 848 889; x_wconf 89' lang='lat' dir='ltr'>Patrem</span> <span class='ocrx_word' id='word_1_32' title='bbox 870 836 901 889; x_wconf 89' lang='lat' dir='ltr'>et</span> <span class='ocrx_word' id='word_1_33' title='bbox 923 830 1036 888; x_wconf 85' lang='lat' dir='ltr'>Filium</span> <span class='ocrx_word' id='word_1_34' title='bbox 1058 836 1090 889; x_wconf 90' lang='lat' dir='ltr'>et</span> <span class='ocrx_word' id='word_1_35' title='bbox 1111 829 1258 908; x_wconf 83' lang='lat' dir='ltr'>Spiritum</span> 
     </span>
     <span class='ocr_line' id='line_1_6' title="bbox 57 927 1258 1005; baseline -0.002 -18"><span class='ocrx_word' id='word_1_36' title='bbox 57 931 203 999; x_wconf 82' lang='lat' dir='ltr'>motum,</span> <span class='ocrx_word' id='word_1_37' title='bbox 217 935 253 984; x_wconf 89' lang='lat' dir='ltr'>ut</span> <span class='ocrx_word' id='word_1_38' title='bbox 275 947 361 985; x_wconf 84' lang='lat' dir='ltr'>exeas</span> <span class='ocrx_word' id='word_1_39' title='bbox 383 934 414 984; x_wconf 89' lang='lat' dir='ltr'>et</span> <span class='ocrx_word' id='word_1_40' title='bbox 437 928 555 986; x_wconf 75' lang='lat' dir='ltr'>recedas</span> <span class='ocrx_word' id='word_1_41' title='bbox 577 929 615 985; x_wconf 88' lang='lat' dir='ltr'>ab</span> <span class='ocrx_word' id='word_1_42' title='bbox 637 928 692 986; x_wconf 86' lang='lat' dir='ltr'>hac</span> <span class='ocrx_word' id='word_1_43' title='bbox 713 927 825 986; x_wconf 84' lang='lat' dir='ltr'>famula</span> <span class='ocrx_word' id='word_1_44' title='bbox 847 928 906 986; x_wconf 91' lang='lat' dir='ltr'>Dei</span> <span class='ocrx_word' id='word_1_45' title='bbox 928 927 968 986; x_wconf 88' lang='lat' dir='ltr'>N.</span> <span class='ocrx_word' id='word_1_46' title='bbox 1011 928 1081 1005; x_wconf 88' lang='lat' dir='ltr'>Ipse</span> <span class='ocrx_word' id='word_1_47' title='bbox 1098 929 1179 986; x_wconf 87' lang='lat' dir='ltr'>enim</span> <span class='ocrx_word' id='word_1_48' title='bbox 1200 928 1258 986; x_wconf 92' lang='lat' dir='ltr'>tibi</span> 
     </span>
     <span class='ocr_line' id='line_1_7' title="bbox 57 1024 1258 1103; baseline -0.002 -18"><span class='ocrx_word' id='word_1_49' title='bbox 57 1029 183 1103; x_wconf 75' lang='lat' dir='ltr'>sperat,</span> <span class='ocrx_word' id='word_1_50' title='bbox 199 1024 363 1097; x_wconf 85' lang='lat' dir='ltr'>maledicte,</span> <span class='ocrx_word' id='word_1_51' title='bbox 379 1026 527 1099; x_wconf 90' lang='lat' dir='ltr'>damnate,</span> <span class='ocrx_word' id='word_1_52' title='bbox 542 1025 595 1101; x_wconf 91' lang='lat' dir='ltr'>qui</span> <span class='ocrx_word' id='word_1_53' title='bbox 613 1045 688 1083; x_wconf 88' lang='lat' dir='ltr'>caeco</span> <span class='ocrx_word' id='word_1_54' title='bbox 708 1032 780 1084; x_wconf 88' lang='lat' dir='ltr'>nato</span> <span class='ocrx_word' id='word_1_55' title='bbox 798 1026 898 1084; x_wconf 88' lang='lat' dir='ltr'>oculos</span> <span class='ocrx_word' id='word_1_56' title='bbox 918 1026 1036 1102; x_wconf 84' lang='lat' dir='ltr'>aperuit</span> <span class='ocrx_word' id='word_1_57' title='bbox 1049 1032 1080 1084; x_wconf 91' lang='lat' dir='ltr'>et</span> <span class='ocrx_word' id='word_1_58' title='bbox 1100 1025 1258 1102; x_wconf 85' lang='lat' dir='ltr'>quadridu-</span> 
     </span>
     <span class='ocr_line' id='line_1_8' title="bbox 57 1120 1174 1198; baseline -0.001 -17"><span class='ocrx_word' id='word_1_59' title='bbox 57 1139 139 1181; x_wconf 84' lang='lat' dir='ltr'>mm</span> <span class='ocrx_word' id='word_1_60' title='bbox 155 1120 299 1178; x_wconf 81' lang='lat' dir='ltr'>Lazarum</span> <span class='ocrx_word' id='word_1_61' title='bbox 313 1121 350 1179; x_wconf 89' lang='lat' dir='ltr'>de</span> <span class='ocrx_word' id='word_1_62' title='bbox 364 1127 556 1179; x_wconf 88' lang='lat' dir='ltr'>monumento</span> <span class='ocrx_word' id='word_1_63' title='bbox 570 1123 733 1180; x_wconf 74' lang='lat' dir='ltr'><strong>suscitavit.</strong></span> <span class='ocrx_word' id='word_1_64' title='bbox 777 1122 865 1198; x_wconf 86' lang='lat' dir='ltr'>Ergo,</span> <span class='ocrx_word' id='word_1_65' title='bbox 880 1122 1036 1180; x_wconf 85' lang='lat' dir='ltr'>maledicte</span> <span class='ocrx_word' id='word_1_66' title='bbox 1049 1122 1174 1180; x_wconf 81' lang='lat' dir='ltr'><strong>diabole.</strong></span> 
     </span>
    </p>

    <p class='ocr_par' dir='ltr' id='par_1_5' title="bbox 57 1216 1254 1375">
     <span class='ocr_line' id='line_1_9' title="bbox 101 1216 1254 1294; baseline 0.003 -19"><span class='ocrx_word' id='word_1_67' title='bbox 101 1217 159 1275; x_wconf 79' lang='lat' dir='ltr'>Eu</span> <span class='ocrx_word' id='word_1_68' title='bbox 180 1216 249 1275; x_wconf 75' lang='lat' dir='ltr'>hinc</span> <span class='ocrx_word' id='word_1_69' title='bbox 270 1237 335 1276; x_wconf 82' lang='lat' dir='ltr'>uero</span> <span class='ocrx_word' id='word_1_70' title='bbox 358 1218 477 1276; x_wconf 82' lang='lat' dir='ltr'>dicutur</span> <span class='ocrx_word' id='word_1_71' title='bbox 499 1227 560 1275; x_wconf 79' lang='lat' dir='ltr'>tunc</span> <span class='ocrx_word' id='word_1_72' title='bbox 583 1238 671 1294; x_wconf 82' lang='lat' dir='ltr'>super</span> <span class='ocrx_word' id='word_1_73' title='bbox 691 1218 856 1277; x_wconf 69' lang='lat' dir='ltr'>ammutium</span> <span class='ocrx_word' id='word_1_74' title='bbox 877 1238 968 1294; x_wconf 84' lang='lat' dir='ltr'>quam</span> <span class='ocrx_word' id='word_1_75' title='bbox 991 1238 1079 1294; x_wconf 69' lang='lat' dir='ltr'>suaper</span> <span class='ocrx_word' id='word_1_76' title='bbox 1095 1218 1254 1294; x_wconf 80' lang='lat' dir='ltr'>J&#39;eminum,</span> 
     </span>
     <span class='ocr_line' id='line_1_10' title="bbox 57 1314 628 1375; baseline -0.005 0"><span class='ocrx_word' id='word_1_77' title='bbox 57 1333 104 1375; x_wconf 76' lang='lat' dir='ltr'>ne</span> <span class='ocrx_word' id='word_1_78' title='bbox 121 1314 273 1371; x_wconf 87' lang='lat' dir='ltr'>Dominus</span> <span class='ocrx_word' id='word_1_79' title='bbox 288 1315 480 1373; x_wconf 82' lang='lat' dir='ltr'>vobiscumet</span> <span class='ocrx_word' id='word_1_80' title='bbox 495 1314 628 1372; x_wconf 81' lang='lat' dir='ltr'>Oramus.</span> 
     </span>
    </p>

    <p class='ocr_par' dir='ltr' id='par_1_6' title="bbox 57 1409 1256 2242">
     <span class='ocr_line' id='line_1_11' title="bbox 101 1409 1256 1491; baseline 0.002 -23"><span class='ocrx_word' id='word_1_81' title='bbox 101 1409 268 1468; x_wconf 85' lang='lat' dir='ltr'>AEtemam</span> <span class='ocrx_word' id='word_1_82' title='bbox 288 1430 322 1468; x_wconf 88' lang='lat' dir='ltr'>nc</span> <span class='ocrx_word' id='word_1_83' title='bbox 338 1412 536 1491; x_wconf 85' lang='lat' dir='ltr'>justissimam</span> <span class='ocrx_word' id='word_1_84' title='bbox 556 1412 699 1487; x_wconf 87' lang='lat' dir='ltr'>pietatem</span> <span class='ocrx_word' id='word_1_85' title='bbox 719 1418 804 1469; x_wconf 87' lang='lat' dir='ltr'>tuam</span> <span class='ocrx_word' id='word_1_86' title='bbox 824 1411 971 1488; x_wconf 86' lang='lat' dir='ltr'>deprecor,</span> <span class='ocrx_word' id='word_1_87' title='bbox 995 1412 1132 1485; x_wconf 87' lang='lat' dir='ltr'>Domine,</span> <span class='ocrx_word' id='word_1_88' title='bbox 1154 1419 1256 1470; x_wconf 86' lang='lat' dir='ltr'>sancte</span> 
     </span>
     <span class='ocr_line' id='line_1_12' title="bbox 57 1508 1255 1587; baseline -0.001 -18"><span class='ocrx_word' id='word_1_89' title='bbox 57 1514 148 1580; x_wconf 71' lang='lat' dir='ltr'>ater,</span> <span class='ocrx_word' id='word_1_90' title='bbox 165 1509 352 1584; x_wconf 89' lang='lat' dir='ltr'>omnipotens</span> <span class='ocrx_word' id='word_1_91' title='bbox 365 1514 475 1566; x_wconf 84' lang='lat' dir='ltr'>aeterne</span> <span class='ocrx_word' id='word_1_92' title='bbox 490 1509 580 1581; x_wconf 86' lang='lat' dir='ltr'>Deus,</span> <span class='ocrx_word' id='word_1_93' title='bbox 597 1509 649 1585; x_wconf 89' lang='lat' dir='ltr'>qui</span> <span class='ocrx_word' id='word_1_94' title='bbox 669 1528 700 1567; x_wconf 91' lang='lat' dir='ltr'>cs</span> <span class='ocrx_word' id='word_1_95' title='bbox 720 1516 825 1568; x_wconf 85' lang='lat' dir='ltr'>auctor</span> <span class='ocrx_word' id='word_1_96' title='bbox 836 1508 959 1567; x_wconf 89' lang='lat' dir='ltr'>luminis</span> <span class='ocrx_word' id='word_1_97' title='bbox 973 1516 1004 1568; x_wconf 90' lang='lat' dir='ltr'>et</span> <span class='ocrx_word' id='word_1_98' title='bbox 1016 1510 1153 1568; x_wconf 78' lang='lat' dir='ltr'>veritatis</span> <span class='ocrx_word' id='word_1_99' title='bbox 1167 1530 1255 1587; x_wconf 90' lang='lat' dir='ltr'>super</span> 
     </span>
     <span class='ocr_line' id='line_1_13' title="bbox 57 1602 1255 1680; baseline -0.002 -15"><span class='ocrx_word' id='word_1_100' title='bbox 57 1622 125 1665; x_wconf 85' lang='lat' dir='ltr'>mc</span> <span class='ocrx_word' id='word_1_101' title='bbox 150 1602 296 1660; x_wconf 88' lang='lat' dir='ltr'>famulum</span> <span class='ocrx_word' id='word_1_102' title='bbox 318 1610 405 1661; x_wconf 87' lang='lat' dir='ltr'>tuum</span> <span class='ocrx_word' id='word_1_103' title='bbox 429 1603 468 1661; x_wconf 87' lang='lat' dir='ltr'>N.</span> <span class='ocrx_word' id='word_1_104' title='bbox 481 1624 494 1675; x_wconf 91' lang='lat'>,·</span> <span class='ocrx_word' id='word_1_105' title='bbox 515 1602 570 1662; x_wconf 74' lang='lat' dir='ltr'>ut*</span> <span class='ocrx_word' id='word_1_106' title='bbox 589 1605 720 1680; x_wconf 85' lang='lat' dir='ltr'>digneris</span> <span class='ocrx_word' id='word_1_107' title='bbox 736 1624 804 1663; x_wconf 89' lang='lat' dir='ltr'>eum</span> <span class='ocrx_word' id='word_1_108' title='bbox 820 1604 991 1663; x_wconf 86' lang='lat' dir='ltr'>illuminare</span> <span class='ocrx_word' id='word_1_109' title='bbox 1010 1605 1125 1664; x_wconf 90' lang='lat' dir='ltr'>lumine</span> <span class='ocrx_word' id='word_1_110' title='bbox 1146 1606 1255 1663; x_wconf 84' lang='lat' dir='ltr'>intelli-</span> 
     </span>
     <span class='ocr_line' id='line_1_14' title="bbox 57 1701 1255 1776; baseline -0.001 -14"><span class='ocrx_word' id='word_1_111' title='bbox 57 1701 155 1762; x_wconf 75' lang='lat' dir='ltr'>mtize</span> <span class='ocrx_word' id='word_1_112' title='bbox 183 1705 264 1759; x_wconf 87' lang='lat' dir='ltr'>tuse:</span> <span class='ocrx_word' id='word_1_113' title='bbox 300 1702 412 1759; x_wconf 89' lang='lat' dir='ltr'>munda</span> <span class='ocrx_word' id='word_1_114' title='bbox 433 1722 501 1760; x_wconf 90' lang='lat' dir='ltr'>enm</span> <span class='ocrx_word' id='word_1_115' title='bbox 533 1708 564 1760; x_wconf 91' lang='lat' dir='ltr'>et</span> <span class='ocrx_word' id='word_1_116' title='bbox 587 1704 757 1761; x_wconf 87' lang='lat' dir='ltr'>sanctifica:</span> <span class='ocrx_word' id='word_1_117' title='bbox 789 1703 827 1760; x_wconf 85' lang='lat' dir='ltr'>da</span> <span class='ocrx_word' id='word_1_118' title='bbox 850 1704 878 1761; x_wconf 88' lang='lat' dir='ltr'>ei</span> <span class='ocrx_word' id='word_1_119' title='bbox 898 1703 1052 1761; x_wconf 84' lang='lat' dir='ltr'>scientiam</span> <span class='ocrx_word' id='word_1_120' title='bbox 1079 1723 1189 1776; x_wconf 86' lang='lat' dir='ltr'>veram,</span> <span class='ocrx_word' id='word_1_121' title='bbox 1218 1709 1255 1761; x_wconf 88' lang='lat' dir='ltr'>nt</span> 
     </span>
     <span class='ocr_line' id='line_1_15' title="bbox 59 1797 1253 1876; baseline -0.002 -18"><span class='ocrx_word' id='word_1_122' title='bbox 59 1815 170 1858; x_wconf 86' lang='lat' dir='ltr'>oneus</span> <span class='ocrx_word' id='word_1_123' title='bbox 183 1797 327 1854; x_wconf 88' lang='lat' dir='ltr'>efficiatur</span> <span class='ocrx_word' id='word_1_124' title='bbox 340 1799 475 1857; x_wconf 77' lang='lat' dir='ltr'><strong>accedere</strong></span> <span class='ocrx_word' id='word_1_125' title='bbox 486 1799 523 1856; x_wconf 89' lang='lat' dir='ltr'>ad</span> <span class='ocrx_word' id='word_1_126' title='bbox 534 1801 661 1875; x_wconf 75' lang='lat' dir='ltr'>gratiam</span> <span class='ocrx_word' id='word_1_127' title='bbox 674 1800 817 1876; x_wconf 79' lang='lat' dir='ltr'>baptismi</span> <span class='ocrx_word' id='word_1_128' title='bbox 830 1800 876 1858; x_wconf 90' lang='lat' dir='ltr'>tui</span> <span class='ocrx_word' id='word_1_129' title='bbox 890 1821 897 1859; x_wconf 91' lang='lat'>:</span> <span class='ocrx_word' id='word_1_130' title='bbox 919 1807 1021 1858; x_wconf 88' lang='lat' dir='ltr'>teneat</span> <span class='ocrx_word' id='word_1_131' title='bbox 1031 1801 1147 1858; x_wconf 83' lang='lat' dir='ltr'>firmam</span> <span class='ocrx_word' id='word_1_132' title='bbox 1161 1819 1253 1876; x_wconf 88' lang='lat' dir='ltr'>spem,</span> 
     </span>
     <span class='ocr_line' id='line_1_16' title="bbox 57 1892 1253 1973; baseline 0.001 -22"><span class='ocrx_word' id='word_1_133' title='bbox 57 1892 202 1973; x_wconf 65' lang='lat' dir='ltr'>cnsilium</span> <span class='ocrx_word' id='word_1_134' title='bbox 224 1899 346 1964; x_wconf 91' lang='lat' dir='ltr'>rectum,</span> <span class='ocrx_word' id='word_1_135' title='bbox 368 1895 534 1953; x_wconf 80' lang='lat' dir='ltr'>doctrinam</span> <span class='ocrx_word' id='word_1_136' title='bbox 556 1902 689 1953; x_wconf 82' lang='lat' dir='ltr'>sanctam</span> <span class='ocrx_word' id='word_1_137' title='bbox 700 1915 710 1969; x_wconf 83' lang='lat'>3</span> <span class='ocrx_word' id='word_1_138' title='bbox 738 1903 773 1953; x_wconf 89' lang='lat' dir='ltr'>ut</span> <span class='ocrx_word' id='word_1_139' title='bbox 796 1902 885 1973; x_wconf 87' lang='lat' dir='ltr'>aptus</span> <span class='ocrx_word' id='word_1_140' title='bbox 909 1897 949 1954; x_wconf 91' lang='lat' dir='ltr'>sit</span> <span class='ocrx_word' id='word_1_141' title='bbox 967 1896 1006 1953; x_wconf 84' lang='lat' dir='ltr'>ad</span> <span class='ocrx_word' id='word_1_142' title='bbox 1034 1896 1253 1972; x_wconf 86' lang='lat' dir='ltr'>percipiendam</span> 
     </span>
     <span class='ocr_line' id='line_1_17' title="bbox 57 1987 1253 2065; baseline 0 -16"><span class='ocrx_word' id='word_1_143' title='bbox 57 1987 172 2049; x_wconf 69' lang='lat' dir='ltr'>ratium</span> <span class='ocrx_word' id='word_1_144' title='bbox 187 1988 327 2064; x_wconf 87' lang='lat' dir='ltr'>baptismi</span> <span class='ocrx_word' id='word_1_145' title='bbox 341 1991 395 2047; x_wconf 92' lang='lat' dir='ltr'>tui.</span> <span class='ocrx_word' id='word_1_146' title='bbox 437 1990 496 2048; x_wconf 87' lang='lat' dir='ltr'>Per</span> <span class='ocrx_word' id='word_1_147' title='bbox 510 1992 674 2050; x_wconf 89' lang='lat' dir='ltr'>Dominum</span> <span class='ocrx_word' id='word_1_148' title='bbox 687 1999 833 2065; x_wconf 88' lang='lat' dir='ltr'>nostrum,</span> <span class='ocrx_word' id='word_1_149' title='bbox 844 1993 867 2051; x_wconf 91' lang='lat' dir='ltr'><strong>J</strong></span> <span class='ocrx_word' id='word_1_150' title='bbox 868 2012 951 2050; x_wconf 85' lang='lat' dir='ltr'>esum</span> <span class='ocrx_word' id='word_1_151' title='bbox 966 1991 1127 2064; x_wconf 79' lang='lat' dir='ltr'>Christum,</span> <span class='ocrx_word' id='word_1_152' title='bbox 1139 1992 1253 2050; x_wconf 85' lang='lat' dir='ltr'>Filium</span> 
     </span>
     <span class='ocr_line' id='line_1_18' title="bbox 57 2085 1253 2167; baseline 0 -21"><span class='ocrx_word' id='word_1_153' title='bbox 57 2105 140 2157; x_wconf 83' lang='lat' dir='ltr'>rum,</span> <span class='ocrx_word' id='word_1_154' title='bbox 165 2085 218 2161; x_wconf 87' lang='lat' dir='ltr'>qui</span> <span class='ocrx_word' id='word_1_155' title='bbox 240 2094 340 2144; x_wconf 88' lang='lat' dir='ltr'>tecum</span> <span class='ocrx_word' id='word_1_156' title='bbox 363 2088 442 2146; x_wconf 78' lang='lat' dir='ltr'>vivit</span> <span class='ocrx_word' id='word_1_157' title='bbox 459 2095 489 2146; x_wconf 91' lang='lat' dir='ltr'>et</span> <span class='ocrx_word' id='word_1_158' title='bbox 506 2096 611 2167; x_wconf 85' lang='lat' dir='ltr'>regnat</span> <span class='ocrx_word' id='word_1_159' title='bbox 628 2090 662 2147; x_wconf 87' lang='lat' dir='ltr'>in</span> <span class='ocrx_word' id='word_1_160' title='bbox 679 2092 796 2149; x_wconf 90' lang='lat' dir='ltr'>unitate</span> <span class='ocrx_word' id='word_1_161' title='bbox 818 2090 949 2167; x_wconf 80' lang='lat' dir='ltr'>Spiritus</span> <span class='ocrx_word' id='word_1_162' title='bbox 970 2089 1073 2149; x_wconf 78' lang='lat' dir='ltr'>Sancti</span> <span class='ocrx_word' id='word_1_163' title='bbox 1095 2089 1178 2149; x_wconf 86' lang='lat' dir='ltr'>Deus</span> <span class='ocrx_word' id='word_1_164' title='bbox 1199 2108 1253 2166; x_wconf 87' lang='lat' dir='ltr'>per</span> 
     </span>
     <span class='ocr_line' id='line_1_19' title="bbox 57 2182 273 2242; baseline 0 0"><span class='ocrx_word' id='word_1_165' title='bbox 57 2183 145 2242; x_wconf 88' lang='lat' dir='ltr'>mnia</span> <span class='ocrx_word' id='word_1_166' title='bbox 159 2182 273 2242; x_wconf 84' lang='lat' dir='ltr'>saecula</span> 
     </span>
    </p>

    <p class='ocr_par' dir='ltr' id='par_1_7' title="bbox 104 2279 429 2338">
     <span class='ocr_line' id='line_1_20' title="bbox 104 2279 429 2338; baseline 0.009 -3"><span class='ocrx_word' id='word_1_167' title='bbox 104 2279 255 2336; x_wconf 86' lang='lat' dir='ltr'>Dominus</span> <span class='ocrx_word' id='word_1_168' title='bbox 269 2280 429 2338; x_wconf 85' lang='lat' dir='ltr'>vobiscum.</span> 
     </span>
    </p>

    <p class='ocr_par' dir='ltr' id='par_1_8' title="bbox 102 2375 464 2435">
     <span class='ocr_line' id='line_1_21' title="bbox 102 2375 464 2435; baseline 0.003 -2"><span class='ocrx_word' id='word_1_169' title='bbox 102 2375 274 2434; x_wconf 72' lang='lat' dir='ltr'>Sec-amium</span> <span class='ocrx_word' id='word_1_170' title='bbox 287 2376 327 2431; x_wconf 80' lang='lat' dir='ltr'><em>M</em></span> <span class='ocrx_word' id='word_1_171' title='bbox 324 2376 464 2435; x_wconf 71' lang='lat' dir='ltr'>cellmua</span> 
     </span>
    </p>

    <p class='ocr_par' dir='ltr' id='par_1_9' title="bbox 57 2472 1251 2847">
     <span class='ocr_line' id='line_1_22' title="bbox 103 2472 1251 2550; baseline 0.003 -21"><span class='ocrx_word' id='word_1_172' title='bbox 103 2472 144 2529; x_wconf 91' lang='lat' dir='ltr'>In</span> <span class='ocrx_word' id='word_1_173' title='bbox 158 2472 210 2529; x_wconf 88' lang='lat' dir='ltr'>illo</span> <span class='ocrx_word' id='word_1_174' title='bbox 224 2478 365 2546; x_wconf 85' lang='lat' dir='ltr'>tempore,</span> <span class='ocrx_word' id='word_1_175' title='bbox 381 2472 483 2530; x_wconf 87' lang='lat' dir='ltr'>Oblati</span> <span class='ocrx_word' id='word_1_176' title='bbox 497 2479 569 2529; x_wconf 86' lang='lat' dir='ltr'>sunt</span> <span class='ocrx_word' id='word_1_177' title='bbox 581 2473 603 2530; x_wconf 84' lang='lat' dir='ltr'><strong>J</strong></span> <span class='ocrx_word' id='word_1_178' title='bbox 605 2492 656 2529; x_wconf 89' lang='lat' dir='ltr'>esu</span> <span class='ocrx_word' id='word_1_179' title='bbox 671 2473 797 2548; x_wconf 70' lang='lat' dir='ltr'>parsuli,</span> <span class='ocrx_word' id='word_1_180' title='bbox 812 2480 848 2530; x_wconf 91' lang='lat' dir='ltr'>ut</span> <span class='ocrx_word' id='word_1_181' title='bbox 861 2493 967 2531; x_wconf 87' lang='lat' dir='ltr'>manus</span> <span class='ocrx_word' id='word_1_182' title='bbox 980 2475 1023 2531; x_wconf 88' lang='lat' dir='ltr'>cis</span> <span class='ocrx_word' id='word_1_183' title='bbox 1036 2474 1204 2550; x_wconf 89' lang='lat' dir='ltr'>imponeret</span> <span class='ocrx_word' id='word_1_184' title='bbox 1219 2479 1251 2533; x_wconf 86' lang='lat' dir='ltr'>et</span> 
     </span>
     <span class='ocr_line' id='line_1_23' title="bbox 57 2568 1250 2652; baseline 0.001 -25"><span class='ocrx_word' id='word_1_185' title='bbox 57 2575 150 2627; x_wconf 81' lang='lat' dir='ltr'>curet.</span> <span class='ocrx_word' id='word_1_186' title='bbox 194 2568 343 2644; x_wconf 83' lang='lat' dir='ltr'>Discipuli</span> <span class='ocrx_word' id='word_1_187' title='bbox 365 2575 466 2626; x_wconf 90' lang='lat' dir='ltr'>autem</span> <span class='ocrx_word' id='word_1_188' title='bbox 490 2570 554 2644; x_wconf 89' lang='lat' dir='ltr'>ejus</span> <span class='ocrx_word' id='word_1_189' title='bbox 571 2569 765 2645; x_wconf 86' lang='lat' dir='ltr'>increpabant</span> <span class='ocrx_word' id='word_1_190' title='bbox 788 2589 856 2628; x_wconf 88' lang='lat' dir='ltr'>eos:</span> <span class='ocrx_word' id='word_1_191' title='bbox 877 2569 967 2628; x_wconf 86' lang='lat' dir='ltr'>Jesus</span> <span class='ocrx_word' id='word_1_192' title='bbox 983 2576 1084 2628; x_wconf 84' lang='lat' dir='ltr'>autem</span> <span class='ocrx_word' id='word_1_193' title='bbox 1105 2571 1149 2628; x_wconf 84' lang='lat' dir='ltr'>ait</span> <span class='ocrx_word' id='word_1_194' title='bbox 1170 2570 1230 2628; x_wconf 84' lang='lat' dir='ltr'>illis</span> <span class='ocrx_word' id='word_1_195' title='bbox 1241 2601 1250 2652; x_wconf 71' lang='lat'>5</span> 
     </span>
     <span class='ocr_line' id='line_1_24' title="bbox 57 2664 1250 2742; baseline 0 -19"><span class='ocrx_word' id='word_1_196' title='bbox 57 2666 141 2723; x_wconf 79' lang='lat' dir='ltr'>tinite</span> <span class='ocrx_word' id='word_1_197' title='bbox 161 2664 301 2741; x_wconf 87' lang='lat' dir='ltr'>parvulos</span> <span class='ocrx_word' id='word_1_198' title='bbox 321 2666 422 2722; x_wconf 88' lang='lat' dir='ltr'>venire</span> <span class='ocrx_word' id='word_1_199' title='bbox 436 2665 474 2722; x_wconf 84' lang='lat' dir='ltr'>ad</span> <span class='ocrx_word' id='word_1_200' title='bbox 487 2684 543 2738; x_wconf 92' lang='lat' dir='ltr'>me,</span> <span class='ocrx_word' id='word_1_201' title='bbox 559 2671 590 2723; x_wconf 90' lang='lat' dir='ltr'>et</span> <span class='ocrx_word' id='word_1_202' title='bbox 604 2665 696 2723; x_wconf 90' lang='lat' dir='ltr'>nolite</span> <span class='ocrx_word' id='word_1_203' title='bbox 716 2685 765 2723; x_wconf 90' lang='lat' dir='ltr'>eos</span> <span class='ocrx_word' id='word_1_204' title='bbox 785 2666 959 2742; x_wconf 83' lang='lat' dir='ltr'>prohibere3</span> <span class='ocrx_word' id='word_1_205' title='bbox 979 2667 1085 2724; x_wconf 76' lang='lat' dir='ltr'>tatium</span> <span class='ocrx_word' id='word_1_206' title='bbox 1105 2673 1151 2725; x_wconf 86' lang='lat' dir='ltr'>est</span> <span class='ocrx_word' id='word_1_207' title='bbox 1171 2667 1250 2724; x_wconf 90' lang='lat' dir='ltr'>enim</span> 
     </span>
     <span class='ocr_line' id='line_1_25' title="bbox 57 2761 1059 2847; baseline 0.001 -27"><span class='ocrx_word' id='word_1_208' title='bbox 57 2781 167 2840; x_wconf 87' lang='lat' dir='ltr'>egnum</span> <span class='ocrx_word' id='word_1_209' title='bbox 182 2761 327 2820; x_wconf 69' lang='lat' dir='ltr'>caelorum.</span> <span class='ocrx_word' id='word_1_210' title='bbox 372 2763 412 2820; x_wconf 81' lang='lat' dir='ltr'>Et</span> <span class='ocrx_word' id='word_1_211' title='bbox 426 2782 493 2820; x_wconf 91' lang='lat' dir='ltr'>cum</span> <span class='ocrx_word' id='word_1_212' title='bbox 507 2762 694 2840; x_wconf 82' lang='lat' dir='ltr'>imposuisset</span> <span class='ocrx_word' id='word_1_213' title='bbox 707 2783 813 2821; x_wconf 86' lang='lat' dir='ltr'>manus</span> <span class='ocrx_word' id='word_1_214' title='bbox 826 2765 877 2836; x_wconf 88' lang='lat' dir='ltr'>eis,</span> <span class='ocrx_word' id='word_1_215' title='bbox 893 2763 968 2847; x_wconf 85' lang='lat' dir='ltr'>abiit</span> <span class='ocrx_word' id='word_1_216' title='bbox 982 2764 1059 2821; x_wconf 84' lang='lat' dir='ltr'>inde.</span> 
     </span>
    </p>

    <p class='ocr_par' dir='ltr' id='par_1_10' title="bbox 103 2860 1222 2938">
     <span class='ocr_line' id='line_1_26' title="bbox 103 2860 1222 2938; baseline 0.004 -21"><span class='ocrx_word' id='word_1_217' title='bbox 103 2860 176 2919; x_wconf 89' lang='lat' dir='ltr'>Post</span> <span class='ocrx_word' id='word_1_218' title='bbox 190 2861 385 2936; x_wconf 77' lang='lat' dir='ltr'>Erunpelium</span> <span class='ocrx_word' id='word_1_219' title='bbox 398 2860 540 2920; x_wconf 77' lang='lat' dir='ltr'>Sacerdos</span> <span class='ocrx_word' id='word_1_220' title='bbox 552 2862 707 2938; x_wconf 71' lang='lat' dir='ltr'>&#39;sporripct</span> <span class='ocrx_word' id='word_1_221' title='bbox 721 2862 829 2920; x_wconf 78' lang='lat' dir='ltr'>libram</span> <span class='ocrx_word' id='word_1_222' title='bbox 836 2861 954 2938; x_wconf 79' lang='lat' dir='ltr'>paerc†</span> <span class='ocrx_word' id='word_1_223' title='bbox 968 2862 1010 2921; x_wconf 80' lang='lat' dir='ltr'>ud</span> <span class='ocrx_word' id='word_1_224' title='bbox 1022 2862 1222 2922; x_wconf 79' lang='lat' dir='ltr'>osculandum.</span> 
     </span>
    </p>
   </div>
   <div class='ocr_carea' id='block_1_3' title="bbox 57 2958 1250 3123">
    <p class='ocr_par' dir='ltr' id='par_1_11' title="bbox 57 2958 1250 3123">
     <span class='ocr_line' id='line_1_27' title="bbox 101 2958 1250 3035; baseline 0.003 -18"><span class='ocrx_word' id='word_1_225' title='bbox 101 2958 198 3034; x_wconf 78' lang='lat' dir='ltr'>Super</span> <span class='ocrx_word' id='word_1_226' title='bbox 211 2959 375 3018; x_wconf 77' lang='lat' dir='ltr'>rrtnsculum</span> <span class='ocrx_word' id='word_1_227' title='bbox 389 2959 570 3035; x_wconf 82' lang='lat' dir='ltr'>etscminum</span> <span class='ocrx_word' id='word_1_228' title='bbox 590 2960 649 3019; x_wconf 85' lang='lat' dir='ltr'>istu</span> <span class='ocrx_word' id='word_1_229' title='bbox 669 2960 764 3019; x_wconf 85' lang='lat' dir='ltr'>oratio</span> <span class='ocrx_word' id='word_1_230' title='bbox 778 2960 896 3019; x_wconf 82' lang='lat' dir='ltr'>dicatur</span> <span class='ocrx_word' id='word_1_231' title='bbox 914 2960 977 3019; x_wconf 81' lang='lat' dir='ltr'>siue</span> <span class='ocrx_word' id='word_1_232' title='bbox 991 2961 1140 3019; x_wconf 88' lang='lat' dir='ltr'>Dominus</span> <span class='ocrx_word' id='word_1_233' title='bbox 1153 2962 1250 3020; x_wconf 86' lang='lat' dir='ltr'>vobis·</span> 
     </span>
     <span class='ocr_line' id='line_1_28' title="bbox 57 3052 384 3123; baseline 0.006 -15"><span class='ocrx_word' id='word_1_234' title='bbox 57 3069 120 3123; x_wconf 85' lang='lat' dir='ltr'>nm,</span> <span class='ocrx_word' id='word_1_235' title='bbox 135 3060 161 3110; x_wconf 83' lang='lat' dir='ltr'>et</span> <span class='ocrx_word' id='word_1_236' title='bbox 175 3052 237 3108; x_wconf 83' lang='lat' dir='ltr'>sine</span> <span class='ocrx_word' id='word_1_237' title='bbox 251 3052 384 3111; x_wconf 82' lang='lat' dir='ltr'>Oramus.</span> 
     </span>
    </p>
   </div>
   <div class='ocr_carea' id='block_1_4' title="bbox 57 3145 1249 4294">
    <p class='ocr_par' dir='ltr' id='par_1_12' title="bbox 57 3145 1249 4294">
     <span class='ocr_line' id='line_1_29' title="bbox 102 3145 1249 3226; baseline 0.007 -24"><span class='ocrx_word' id='word_1_238' title='bbox 102 3145 167 3203; x_wconf 87' lang='lat' dir='ltr'>Nec</span> <span class='ocrx_word' id='word_1_239' title='bbox 181 3153 211 3204; x_wconf 92' lang='lat' dir='ltr'>te</span> <span class='ocrx_word' id='word_1_240' title='bbox 232 3147 315 3220; x_wconf 87' lang='lat' dir='ltr'>latet,</span> <span class='ocrx_word' id='word_1_241' title='bbox 331 3149 450 3221; x_wconf 79' lang='lat' dir='ltr'>Satara,</span> <span class='ocrx_word' id='word_1_242' title='bbox 465 3148 621 3206; x_wconf 91' lang='lat' dir='ltr'>imminere</span> <span class='ocrx_word' id='word_1_243' title='bbox 635 3148 692 3205; x_wconf 89' lang='lat' dir='ltr'>tibi</span> <span class='ocrx_word' id='word_1_244' title='bbox 705 3168 822 3225; x_wconf 74' lang='lat' dir='ltr'>panas,</span> <span class='ocrx_word' id='word_1_245' title='bbox 842 3149 998 3208; x_wconf 88' lang='lat' dir='ltr'>imminere</span> <span class='ocrx_word' id='word_1_246' title='bbox 1008 3149 1065 3208; x_wconf 91' lang='lat' dir='ltr'>tibi</span> <span class='ocrx_word' id='word_1_247' title='bbox 1079 3156 1228 3210; x_wconf 85' lang='lat' dir='ltr'>tormenta</span> <span class='ocrx_word' id='word_1_248' title='bbox 1239 3172 1249 3226; x_wconf 86' lang='lat'>;</span> 
     </span>
     <span class='ocr_line' id='line_1_30' title="bbox 57 3243 1248 3323; baseline 0.004 -22"><span class='ocrx_word' id='word_1_249' title='bbox 57 3243 196 3301; x_wconf 89' lang='lat' dir='ltr'>mminere</span> <span class='ocrx_word' id='word_1_250' title='bbox 209 3245 265 3301; x_wconf 89' lang='lat' dir='ltr'>tibi</span> <span class='ocrx_word' id='word_1_251' title='bbox 279 3245 358 3302; x_wconf 92' lang='lat' dir='ltr'>diem</span> <span class='ocrx_word' id='word_1_252' title='bbox 366 3246 380 3321; x_wconf 86' lang='lat' dir='ltr'><strong>j</strong></span> <span class='ocrx_word' id='word_1_253' title='bbox 385 3245 484 3318; x_wconf 89' lang='lat' dir='ltr'>udicii,</span> <span class='ocrx_word' id='word_1_254' title='bbox 499 3246 578 3303; x_wconf 92' lang='lat' dir='ltr'>diem</span> <span class='ocrx_word' id='word_1_255' title='bbox 592 3245 729 3322; x_wconf 89' lang='lat' dir='ltr'>supplicii</span> <span class='ocrx_word' id='word_1_256' title='bbox 742 3246 923 3323; x_wconf 85' lang='lat' dir='ltr'>sempiterni,</span> <span class='ocrx_word' id='word_1_257' title='bbox 938 3247 1017 3305; x_wconf 91' lang='lat' dir='ltr'>diem</span> <span class='ocrx_word' id='word_1_258' title='bbox 1030 3248 1084 3323; x_wconf 88' lang='lat' dir='ltr'>qui</span> <span class='ocrx_word' id='word_1_259' title='bbox 1102 3254 1248 3307; x_wconf 89' lang='lat' dir='ltr'>venturus</span> 
     </span>
     <span class='ocr_line' id='line_1_31' title="bbox 57 3339 1248 3420; baseline 0.005 -23"><span class='ocrx_word' id='word_1_260' title='bbox 57 3344 87 3397; x_wconf 86' lang='lat' dir='ltr'>st</span> <span class='ocrx_word' id='word_1_261' title='bbox 100 3339 184 3396; x_wconf 73' lang='lat' dir='ltr'>velut</span> <span class='ocrx_word' id='word_1_262' title='bbox 197 3340 330 3399; x_wconf 86' lang='lat' dir='ltr'>clibanus</span> <span class='ocrx_word' id='word_1_263' title='bbox 344 3342 458 3412; x_wconf 82' lang='lat' dir='ltr'>ardens,</span> <span class='ocrx_word' id='word_1_264' title='bbox 470 3342 502 3398; x_wconf 93' lang='lat' dir='ltr'>in</span> <span class='ocrx_word' id='word_1_265' title='bbox 516 3362 575 3418; x_wconf 91' lang='lat' dir='ltr'>quo</span> <span class='ocrx_word' id='word_1_266' title='bbox 588 3342 646 3399; x_wconf 91' lang='lat' dir='ltr'>tibi</span> <span class='ocrx_word' id='word_1_267' title='bbox 659 3349 749 3418; x_wconf 71' lang='lat' dir='ltr'>atslue</span> <span class='ocrx_word' id='word_1_268' title='bbox 762 3343 905 3401; x_wconf 81' lang='lat' dir='ltr'>universis</span> <span class='ocrx_word' id='word_1_269' title='bbox 918 3344 1030 3420; x_wconf 85' lang='lat' dir='ltr'>angelis</span> <span class='ocrx_word' id='word_1_270' title='bbox 1044 3345 1105 3402; x_wconf 87' lang='lat' dir='ltr'>tuis</span> <span class='ocrx_word' id='word_1_271' title='bbox 1119 3351 1248 3403; x_wconf 71' lang='lat' dir='ltr'>aternus</span> 
     </span>
     <span class='ocr_line' id='line_1_32' title="bbox 57 3439 1247 3517; baseline 0.003 -20"><span class='ocrx_word' id='word_1_272' title='bbox 57 3439 228 3515; x_wconf 81' lang='lat' dir='ltr'>uperveniet</span> <span class='ocrx_word' id='word_1_273' title='bbox 249 3439 396 3498; x_wconf 81' lang='lat' dir='ltr'>interitus</span> <span class='ocrx_word' id='word_1_274' title='bbox 440 3439 578 3512; x_wconf 89' lang='lat' dir='ltr'>Proinde,</span> <span class='ocrx_word' id='word_1_275' title='bbox 597 3440 735 3498; x_wconf 84' lang='lat' dir='ltr'>damnate</span> <span class='ocrx_word' id='word_1_276' title='bbox 754 3447 845 3517; x_wconf 89' lang='lat' dir='ltr'>atque</span> <span class='ocrx_word' id='word_1_277' title='bbox 864 3441 1040 3514; x_wconf 87' lang='lat' dir='ltr'>damnande,</span> <span class='ocrx_word' id='word_1_278' title='bbox 1055 3442 1093 3499; x_wconf 90' lang='lat' dir='ltr'>da</span> <span class='ocrx_word' id='word_1_279' title='bbox 1105 3443 1247 3501; x_wconf 87' lang='lat' dir='ltr'>honorem</span> 
     </span>
     <span class='ocr_line' id='line_1_33' title="bbox 57 3535 1246 3615; baseline 0.003 -22"><span class='ocrx_word' id='word_1_280' title='bbox 57 3538 108 3593; x_wconf 88' lang='lat' dir='ltr'>)eo</span> <span class='ocrx_word' id='word_1_281' title='bbox 130 3535 200 3592; x_wconf 82' lang='lat' dir='ltr'>vivo</span> <span class='ocrx_word' id='word_1_282' title='bbox 224 3542 256 3592; x_wconf 88' lang='lat' dir='ltr'>et</span> <span class='ocrx_word' id='word_1_283' title='bbox 278 3554 348 3593; x_wconf 77' lang='lat' dir='ltr'>vero</span> <span class='ocrx_word' id='word_1_284' title='bbox 360 3556 369 3610; x_wconf 88' lang='lat'>;</span> <span class='ocrx_word' id='word_1_285' title='bbox 395 3536 433 3593; x_wconf 90' lang='lat' dir='ltr'>da</span> <span class='ocrx_word' id='word_1_286' title='bbox 457 3536 598 3594; x_wconf 89' lang='lat' dir='ltr'>honorem</span> <span class='ocrx_word' id='word_1_287' title='bbox 625 3536 700 3594; x_wconf 86' lang='lat' dir='ltr'>Jesu</span> <span class='ocrx_word' id='word_1_288' title='bbox 725 3536 843 3595; x_wconf 79' lang='lat' dir='ltr'>Christo</span> <span class='ocrx_word' id='word_1_289' title='bbox 870 3538 949 3595; x_wconf 85' lang='lat' dir='ltr'>Filio</span> <span class='ocrx_word' id='word_1_290' title='bbox 977 3539 1041 3614; x_wconf 87' lang='lat' dir='ltr'>ejus</span> <span class='ocrx_word' id='word_1_291' title='bbox 1065 3544 1096 3596; x_wconf 89' lang='lat' dir='ltr'>et</span> <span class='ocrx_word' id='word_1_292' title='bbox 1120 3538 1246 3615; x_wconf 88' lang='lat' dir='ltr'>Spiritui</span> 
     </span>
     <span class='ocr_line' id='line_1_34' title="bbox 57 3631 1245 3710; baseline 0.003 -22"><span class='ocrx_word' id='word_1_293' title='bbox 57 3634 172 3703; x_wconf 73' lang='lat' dir='ltr'>unct05</span> <span class='ocrx_word' id='word_1_294' title='bbox 195 3631 228 3687; x_wconf 89' lang='lat' dir='ltr'>in</span> <span class='ocrx_word' id='word_1_295' title='bbox 252 3633 336 3707; x_wconf 89' lang='lat' dir='ltr'>cujus</span> <span class='ocrx_word' id='word_1_296' title='bbox 359 3631 479 3689; x_wconf 90' lang='lat' dir='ltr'>nomine</span> <span class='ocrx_word' id='word_1_297' title='bbox 506 3638 596 3708; x_wconf 84' lang='lat' dir='ltr'>atque</span> <span class='ocrx_word' id='word_1_298' title='bbox 623 3632 737 3691; x_wconf 81' lang='lat' dir='ltr'>virtute</span> <span class='ocrx_word' id='word_1_299' title='bbox 760 3633 898 3710; x_wconf 72' lang='lat' dir='ltr'>praecipio</span> <span class='ocrx_word' id='word_1_300' title='bbox 926 3634 984 3692; x_wconf 91' lang='lat' dir='ltr'>tibi</span> <span class='ocrx_word' id='word_1_301' title='bbox 1011 3634 1179 3710; x_wconf 84' lang='lat' dir='ltr'>quicunque</span> <span class='ocrx_word' id='word_1_302' title='bbox 1206 3654 1245 3707; x_wconf 90' lang='lat' dir='ltr'>es,</span> 
     </span>
     <span class='ocr_line' id='line_1_35' title="bbox 57 3729 1247 3808; baseline 0.005 -23"><span class='ocrx_word' id='word_1_303' title='bbox 57 3729 162 3807; x_wconf 84' lang='lat' dir='ltr'>piritus</span> <span class='ocrx_word' id='word_1_304' title='bbox 175 3729 337 3801; x_wconf 89' lang='lat' dir='ltr'>immunde,</span> <span class='ocrx_word' id='word_1_305' title='bbox 353 3736 389 3788; x_wconf 89' lang='lat' dir='ltr'>ut</span> <span class='ocrx_word' id='word_1_306' title='bbox 402 3749 489 3788; x_wconf 84' lang='lat' dir='ltr'>exeas</span> <span class='ocrx_word' id='word_1_307' title='bbox 502 3738 533 3788; x_wconf 92' lang='lat' dir='ltr'>et</span> <span class='ocrx_word' id='word_1_308' title='bbox 547 3731 663 3789; x_wconf 82' lang='lat' dir='ltr'>recedas</span> <span class='ocrx_word' id='word_1_309' title='bbox 677 3731 715 3789; x_wconf 85' lang='lat' dir='ltr'>ab</span> <span class='ocrx_word' id='word_1_310' title='bbox 729 3731 784 3790; x_wconf 90' lang='lat' dir='ltr'>hoc</span> <span class='ocrx_word' id='word_1_311' title='bbox 797 3730 908 3790; x_wconf 87' lang='lat' dir='ltr'>famulo</span> <span class='ocrx_word' id='word_1_312' title='bbox 922 3732 981 3791; x_wconf 90' lang='lat' dir='ltr'>Dei</span> <span class='ocrx_word' id='word_1_313' title='bbox 994 3731 1043 3802; x_wconf 71' lang='lat' dir='ltr'>N,</span> <span class='ocrx_word' id='word_1_314' title='bbox 1057 3751 1145 3808; x_wconf 90' lang='lat' dir='ltr'>quem</span> <span class='ocrx_word' id='word_1_315' title='bbox 1158 3732 1247 3791; x_wconf 88' lang='lat' dir='ltr'>hodie</span> 
     </span>
     <span class='ocr_line' id='line_1_36' title="bbox 57 3815 1247 3906; baseline 0.003 -21"><span class='ocrx_word' id='word_1_316' title='bbox 57 3829 123 3885; x_wconf 78' lang='lat' dir='ltr'>&gt;eus</span> <span class='ocrx_word' id='word_1_317' title='bbox 146 3833 178 3885; x_wconf 91' lang='lat' dir='ltr'>et</span> <span class='ocrx_word' id='word_1_318' title='bbox 201 3827 349 3885; x_wconf 87' lang='lat' dir='ltr'>Dominus</span> <span class='ocrx_word' id='word_1_319' title='bbox 372 3835 473 3886; x_wconf 84' lang='lat' dir='ltr'>noster</span> <span class='ocrx_word' id='word_1_320' title='bbox 493 3828 582 3886; x_wconf 86' lang='lat' dir='ltr'>Jcsus</span> <span class='ocrx_word' id='word_1_321' title='bbox 605 3828 741 3888; x_wconf 73' lang='lat' dir='ltr'>Christis</span> <span class='ocrx_word' id='word_1_322' title='bbox 762 3830 800 3887; x_wconf 93' lang='lat' dir='ltr'>ad</span> <span class='ocrx_word' id='word_1_323' title='bbox 822 3815 909 3889; x_wconf 81' lang='lat' dir='ltr'>susm</span> <span class='ocrx_word' id='word_1_324' title='bbox 926 3836 1059 3889; x_wconf 87' lang='lat' dir='ltr'>sanctam</span> <span class='ocrx_word' id='word_1_325' title='bbox 1073 3831 1201 3906; x_wconf 83' lang='lat' dir='ltr'>gratiam</span> <span class='ocrx_word' id='word_1_326' title='bbox 1215 3836 1247 3888; x_wconf 87' lang='lat' dir='ltr'>ct</span> 
     </span>
     <span class='ocr_line' id='line_1_37' title="bbox 58 3924 1246 4003; baseline 0.003 -22"><span class='ocrx_word' id='word_1_327' title='bbox 58 3924 275 3983; x_wconf 83' lang='lat' dir='ltr'>enedictionem</span> <span class='ocrx_word' id='word_1_328' title='bbox 288 3925 461 4002; x_wconf 87' lang='lat' dir='ltr'>fontemque</span> <span class='ocrx_word' id='word_1_329' title='bbox 480 3927 667 4003; x_wconf 86' lang='lat' dir='ltr'>baptismatis</span> <span class='ocrx_word' id='word_1_330' title='bbox 687 3928 765 3986; x_wconf 92' lang='lat' dir='ltr'>dono</span> <span class='ocrx_word' id='word_1_331' title='bbox 785 3947 890 3986; x_wconf 79' lang='lat' dir='ltr'>vocare</span> <span class='ocrx_word' id='word_1_332' title='bbox 904 3928 1044 4003; x_wconf 82' lang='lat' dir='ltr'>dignatus</span> <span class='ocrx_word' id='word_1_333' title='bbox 1058 3933 1122 4000; x_wconf 79' lang='lat' dir='ltr'>est3</span> <span class='ocrx_word' id='word_1_334' title='bbox 1143 3933 1179 3984; x_wconf 88' lang='lat' dir='ltr'>ut</span> <span class='ocrx_word' id='word_1_335' title='bbox 1192 3927 1246 3985; x_wconf 88' lang='lat' dir='ltr'>fiat</span> 
     </span>
     <span class='ocr_line' id='line_1_38' title="bbox 57 4021 1246 4102; baseline 0.003 -23"><span class='ocrx_word' id='word_1_336' title='bbox 57 4022 102 4095; x_wconf 81' lang='lat' dir='ltr'>jus</span> <span class='ocrx_word' id='word_1_337' title='bbox 116 4021 261 4097; x_wconf 89' lang='lat' dir='ltr'>templum</span> <span class='ocrx_word' id='word_1_338' title='bbox 276 4041 327 4098; x_wconf 89' lang='lat' dir='ltr'>per</span> <span class='ocrx_word' id='word_1_339' title='bbox 348 4042 457 4098; x_wconf 88' lang='lat' dir='ltr'>aquam</span> <span class='ocrx_word' id='word_1_340' title='bbox 477 4023 708 4100; x_wconf 80' lang='lat' dir='ltr'>regenerationis</span> <span class='ocrx_word' id='word_1_341' title='bbox 728 4025 761 4080; x_wconf 90' lang='lat' dir='ltr'>in</span> <span class='ocrx_word' id='word_1_342' title='bbox 781 4023 983 4082; x_wconf 85' lang='lat' dir='ltr'>remissionem</span> <span class='ocrx_word' id='word_1_343' title='bbox 997 4024 1131 4081; x_wconf 88' lang='lat' dir='ltr'>omnium</span> <span class='ocrx_word' id='word_1_344' title='bbox 1149 4043 1246 4102; x_wconf 85' lang='lat' dir='ltr'>pecca·</span> 
     </span>
     <span class='ocr_line' id='line_1_39' title="bbox 57 4119 1246 4196; baseline 0.002 -18"><span class='ocrx_word' id='word_1_345' title='bbox 57 4138 146 4178; x_wconf 79' lang='lat' dir='ltr'>&gt;rum</span> <span class='ocrx_word' id='word_1_346' title='bbox 189 4120 229 4177; x_wconf 91' lang='lat' dir='ltr'>In</span> <span class='ocrx_word' id='word_1_347' title='bbox 251 4120 372 4178; x_wconf 89' lang='lat' dir='ltr'>nomine</span> <span class='ocrx_word' id='word_1_348' title='bbox 395 4121 528 4196; x_wconf 87' lang='lat' dir='ltr'>ejusdem</span> <span class='ocrx_word' id='word_1_349' title='bbox 549 4121 673 4181; x_wconf 91' lang='lat' dir='ltr'>Domini</span> <span class='ocrx_word' id='word_1_350' title='bbox 692 4121 789 4179; x_wconf 87' lang='lat' dir='ltr'>nostri</span> <span class='ocrx_word' id='word_1_351' title='bbox 808 4121 830 4179; x_wconf 89' lang='lat' dir='ltr'><strong>J</strong></span> <span class='ocrx_word' id='word_1_352' title='bbox 831 4139 883 4178; x_wconf 88' lang='lat' dir='ltr'>esu</span> <span class='ocrx_word' id='word_1_353' title='bbox 898 4119 1019 4193; x_wconf 81' lang='lat' dir='ltr'>Christi,</span> <span class='ocrx_word' id='word_1_354' title='bbox 1034 4120 1088 4196; x_wconf 90' lang='lat' dir='ltr'>qui</span> <span class='ocrx_word' id='word_1_355' title='bbox 1100 4127 1246 4182; x_wconf 82' lang='lat' dir='ltr'>venturus</span> 
     </span>
     <span class='ocr_line' id='line_1_40' title="bbox 57 4216 1042 4294; baseline 0.002 -18"><span class='ocrx_word' id='word_1_356' title='bbox 57 4223 82 4276; x_wconf 79' lang='lat' dir='ltr'>st</span> <span class='ocrx_word' id='word_1_357' title='bbox 92 4216 227 4294; x_wconf 85' lang='lat' dir='ltr'>judicare</span> <span class='ocrx_word' id='word_1_358' title='bbox 241 4216 326 4275; x_wconf 84' lang='lat' dir='ltr'>vivos</span> <span class='ocrx_word' id='word_1_359' title='bbox 339 4223 370 4275; x_wconf 92' lang='lat' dir='ltr'>et</span> <span class='ocrx_word' id='word_1_360' title='bbox 383 4224 515 4276; x_wconf 84' lang='lat' dir='ltr'>mortuos</span> <span class='ocrx_word' id='word_1_361' title='bbox 529 4224 560 4277; x_wconf 92' lang='lat' dir='ltr'>et</span> <span class='ocrx_word' id='word_1_362' title='bbox 572 4218 705 4277; x_wconf 88' lang='lat' dir='ltr'>seculum</span> <span class='ocrx_word' id='word_1_363' title='bbox 718 4236 772 4294; x_wconf 86' lang='lat' dir='ltr'>per</span> <span class='ocrx_word' id='word_1_364' title='bbox 784 4217 891 4294; x_wconf 83' lang='lat' dir='ltr'>ignem.</span> <span class='ocrx_word' id='word_1_365' title='bbox 934 4217 1042 4278; x_wconf 88' lang='lat' dir='ltr'>Amen.</span> 
     </span>
    </p>
   </div>
   <div class='ocr_carea' id='block_1_5' title="bbox 161 4351 1121 4487">
    <p class='ocr_par' dir='ltr' id='par_1_13' title="bbox 161 4351 1121 4487">
     <span class='ocr_line' id='line_1_41' title="bbox 161 4351 1121 4412; baseline -0.013 -10"><span class='ocrx_word' id='word_1_366' title='bbox 161 4353 175 4379; x_wconf 67' lang='lat'><em>⁶</em></span> <span class='ocrx_word' id='word_1_367' title='bbox 189 4352 260 4401; x_wconf 82' lang='lat' dir='ltr'>York</span> <span class='ocrx_word' id='word_1_368' title='bbox 270 4354 349 4402; x_wconf 75' lang='lat' dir='ltr'>ns·</span> <span class='ocrx_word' id='word_1_369' title='bbox 356 4354 373 4378; x_wconf 83' lang='lat'>‘¹</span> <span class='ocrx_word' id='word_1_370' title='bbox 380 4356 410 4401; x_wconf 89' lang='lat' dir='ltr'>ut</span> <span class='ocrx_word' id='word_1_371' title='bbox 419 4353 615 4402; x_wconf 74' lang='lat' dir='ltr'>benedictionem</span> <span class='ocrx_word' id='word_1_372' title='bbox 624 4355 694 4402; x_wconf 79' lang='lat' dir='ltr'>tunm</span> <span class='ocrx_word' id='word_1_373' title='bbox 703 4351 821 4401; x_wconf 75' lang='lat' dir='ltr'>infundas</span> <span class='ocrx_word' id='word_1_374' title='bbox 831 4353 858 4400; x_wconf 87' lang='lat' dir='ltr'>et</span> <span class='ocrx_word' id='word_1_375' title='bbox 866 4352 999 4412; x_wconf 47' lang='lat' dir='ltr'>digneris?</span> <span class='ocrx_word' id='word_1_376' title='bbox 1010 4357 1030 4399; x_wconf 67' lang='lat' dir='ltr'>a</span> <span class='ocrx_word' id='word_1_377' title='bbox 1040 4359 1121 4402; x_wconf 61' lang='lat' dir='ltr'>mm</span> 
     </span>
     <span class='ocr_line' id='line_1_42' title="bbox 290 4425 990 4487; baseline -0.009 -13"><span class='ocrx_word' id='word_1_378' title='bbox 290 4428 304 4487; x_wconf 66' lang='lat' dir='ltr'>f</span> <span class='ocrx_word' id='word_1_379' title='bbox 319 4427 360 4473; x_wconf 82' lang='lat' dir='ltr'>Sir</span> <span class='ocrx_word' id='word_1_380' title='bbox 369 4427 385 4472; x_wconf 82' lang='lat' dir='ltr'>J</span> <span class='ocrx_word' id='word_1_381' title='bbox 387 4426 436 4472; x_wconf 87' lang='lat' dir='ltr'>ohn</span> <span class='ocrx_word' id='word_1_382' title='bbox 446 4425 571 4475; x_wconf 79' lang='lat' dir='ltr'>Lawsou’s</span> <span class='ocrx_word' id='word_1_383' title='bbox 581 4426 758 4487; x_wconf 70' lang='lat' dir='ltr'>hin-“posce</span> <span class='ocrx_word' id='word_1_384' title='bbox 767 4425 850 4473; x_wconf 78' lang='lat' dir='ltr'>librum</span> <span class='ocrx_word' id='word_1_385' title='bbox 859 4425 990 4486; x_wconf 60' lang='lat' dir='ltr'>oripueffl</span> 
     </span>
    </p>
   </div>
   <div class='ocr_carea' id='block_1_6' title="bbox 0 0 1388 4852">
    <p class='ocr_par' dir='ltr' id='par_1_14' title="bbox 0 0 1388 4852">
     <span class='ocr_line' id='line_1_43' title="bbox 0 0 1388 4852; baseline 0 1"><span class='ocrx_word' id='word_1_386' title='bbox 0 0 1388 4852; x_wconf 95' lang='lat' dir='ltr'> </span> 
     </span>
    </p>
   </div>
  </div>
 </body>
</html>
