2768 4852
360 362 367 373 ι
407 264 752 333 Massabatene
766 266 903 333 Sarum.
1193 269 1253 342 97·

107 432 151 492 nt
172 433 315 511 oonugns
337 451 388 491 eos
410 431 493 510 signo
513 429 836 511 senctoeerueisffeet
856 430 999 490 confirma
1021 451 1071 490 eos
1094 431 1253 495 chrismate

55 509 154 573 ustis
165 514 201 572 in
214 515 310 571 vitem
322 511 502 591 propitiatus
515 517 665 571 eternum
706 513 815 570 Amen

105 592 149 652 Bt
158 602 231 653 tunc
239 592 403 670 Episcopum
413 600 497 668 petet
508 611 621 664 nomm,
633 600 660 650 et
671 601 766 668 ussat
779 591 914 669 pellicem
924 590 1075 653 damme
1085 614 1098 663 ,·
1118 603 1145 653 et
1151 592 1251 669 saciet

55 668 196 748 tissone
213 674 304 750 pueri
323 691 443 746 mecm,
457 672 576 733 dm:
597 672 746 750 Oonsigno
765 677 796 730 te
816 672 856 730 N.
872 673 957 749 signo
976 673 1070 732 crucis
1083 671 1125 753 ᾧ
1137 682 1168 733 et
1181 695 1250 734 con-

55 748 134 812 Ιιιιιο
151 759 183 813 te
201 753 361 812 chrismate
377 752 491 812 solutis
533 752 574 811 In
586 752 706 812 nomine
724 749 874 832 Peslntiis,
888 759 919 811 et
935 751 1061 833 Fiffelii,
1076 761 1107 814 et
1120 753 1250 832 Spiritus

55 824 214 915 {efficti
256 833 364 891 Amen.

106 912 176 973 Pax
187 914 253 972 tibi.
297 913 430 972 Oremus.

106 993 221 1053 Oratio.
262 992 353 1066 Deus,
367 993 420 1070 qui
439 991 579 1069 apostolis
599 992 660 1050 tuis
674 992 817 1050 Sanctum
836 991 946 1050 dedisti
967 993 1121 1070 Spiritum,
1135 995 1247 1073 quique

55 1090 99 1133 ter
110 1092 162 1133 eos
174 1092 277 1132 eorum
291 1072 505 1131 sumessoribus
518 1072 682 1148 ceterisque
695 1072 830 1130 fidelibus
843 1073 1021 1130 tradendum
1034 1093 1096 1132 esse
1109 1076 1249 1149 voluisti;

55 1153 158 1231 πρίω
170 1153 317 1230 propitius
329 1152 368 1210 sd
380 1159 488 1210 nostrae
502 1151 681 1209 humilitatis
699 1151 896 1211 famulatum:
920 1159 951 1211 et
964 1160 1079 1229 priests,
1093 1161 1129 1212 ιιι
1141 1154 1249 1213 horum

55 1232 134 1292 orde
146 1252 273 1310 quorum
285 1234 397 1291 frontes
409 1239 594 1290 sacrosancto
607 1231 763 1290 chrismate
783 1231 982 1305 delinivimus,
997 1239 1028 1291 et
1042 1233 1126 1309 signo
1139 1247 1248 1293 sanctes

55 1314 140 1372 rucis
160 1312 405 1389 consignavimus,
418 1312 498 1371 idem
516 1310 646 1388 Spiritus
665 1311 792 1370 Sanetus
805 1312 965 1370 adveniens
982 1314 1127 1390 templum
1147 1315 1247 1392 glorioe

55 1391 1093 1548 suum

650 1516 658 1544 ,
1003 1517 1009 1531 .

101 1552 268 1612 Beuedicat
280 1571 333 1610 vos
347 1551 494 1610 Dominus
507 1571 546 1610 ex
560 1550 651 1610 Sion:
672 1558 707 1609 ut
720 1551 846 1610 videatis
859 1553 937 1610 bonu
950 1552 1139 1613 Hierusalem
1152 1555 1245 1614 omni-

55 1651 100 1691 ιιιιι
113 1632 220 1691 diebus
232 1633 346 1691 vestris

55 1790 85 1875 ιη
102 1711 268 1770 Benedicat
280 1731 333 1769 vos
353 1711 539 1789 omnipotens
553 1710 655 1769 Deus:
676 1709 824 1791 Pafflter,
845 1717 877 1770 et
897 1710 1050 1793 Fisl-lius,
1064 1721 1096 1774 et
1116 1715 1246 1794 Spiritus

97 1793 236 1852 Sanctus.
277 1793 385 1850 Amen.
1313 1792 1315 1795 ’

273 1956 466 2016 Bssnnrcno
485 1971 739 2026 ιιιιιιιιιιιιιοιιιιιι,
752 1958 1019 2019 Sscsnnorsnruu.

102 2069 302 2147 Adjutorium
314 2075 451 2128 nostrum
464 2070 497 2128 in
509 2070 630 2129 nomine
644 2070 775 2130 Domini

104 2150 256 2209 Dominus
270 2150 430 2208 vobiscum

100 2228 169 2290 Ista
181 2230 217 2289 ιἰι
230 2229 363 2289 omnibus
376 2230 617 2291 bersedicleenibus
622 2231 722 2307 prime
735 2230 882 2291 dicentur.

104 2310 240 2369 Oremus
284 2310 394 2370 Oratio.

100 2390 298 2468 Omnipotens
311 2390 489 2467 sempiterne
502 2391 593 2463 Deus,
608 2390 661 2467 qui
680 2410 734 2468 per
747 2391 873 2466 Moysen
886 2389 1033 2448 famulum
1049 2398 1135 2449 tuum
1148 2394 1244 2469 ponti-

55 2470 139 2529 icslic
151 2489 203 2529 seu
216 2470 408 2529 sacerdotalia
420 2490 455 2529 se
467 2470 586 2529 levitica
599 2471 785 2540 vestimento,
800 2471 837 2529 ad
851 2470 1030 2547 explendum
1047 2472 1244 2531 ministerium

55 2569 145 2609 orum
166 2550 200 2607 in
219 2550 377 2627 conspeetu
404 2557 466 2622 tuo,
487 2557 518 2609 et
541 2551 580 2608 sd
603 2550 736 2609 decorem
760 2550 808 2608 tui
830 2550 960 2607 nominis
980 2551 1044 2608 fieri
1068 2551 1223 2610 decrevisti
1235 2573 1244 2626 ;

55 2630 144 2689 desto
169 2631 316 2708 propitius
342 2631 579 2689 invocationibus
606 2631 734 2689 nostris:
772 2637 804 2688 et
829 2631 892 2687 hoec
918 2630 1093 2688 indumenta
1120 2632 1244 2710 desuper

55 2711 165 2787 [τίμια
176 2711 275 2788 grstia
287 2717 349 2781 tue,
361 2710 475 2787 ingenti
485 2710 688 2769 benedictione
698 2729 751 2786 per
763 2718 871 2768 nostroe
881 2710 1061 2768 humilitatis
1071 2711 1244 2770 servitutem

55 2791 206 2863 turificsre,
216 2788 258 2870 ᾧ
271 2790 441 2848 benedicere
453 2787 495 2869 ›1‹
507 2797 538 2848 et
551 2809 718 2848 consecrare
728 2787 768 2870 ›1‹
778 2790 907 2867 digneris
921 2811 927 2848 :
948 2797 982 2847 ut
995 2790 1105 2849 divinis
1114 2791 1243 2851 cultibus

55 2878 72 2928 t
91 2870 183 2929 sacris
195 2871 344 2947 mysteriis
357 2877 434 2947 ,apte
447 2877 478 2927 et
497 2867 699 2949 benevxediets
712 2872 842 2927 existant
853 2890 862 2943 ς
881 2870 986 2947 hisque
1006 2871 1096 2929 sacris
1109 2873 1242 2930 vestibus

55 2949 205 3023 uutifiees,
224 2950 396 3021 secerdotes,
417 2969 468 3008 seu
488 2949 587 3008 levites
607 2951 654 3007 tui
673 2949 779 3021 induti,
801 2951 839 3007 sb
860 2951 995 3008 omnibus
1015 2951 1242 3028 impulsionibus

55 3050 93 3088 eu
100 3030 317 3089 tentationibus
326 3030 522 3107 malignorum
531 3030 691 3107 spirituum
699 3029 809 3087 muniti
816 3049 850 3088 ae
860 3029 972 3088 defensi
982 3050 1045 3089 esse
1054 3037 1224 3089 mereantur
1232 3053 1242 3106 3

55 3130 201 3187 ›mnesque
214 3111 257 3168 eis
276 3116 394 3168 utentes
407 3110 468 3167 tuis
481 3110 629 3186 mysteriis
648 3115 732 3187 aptos
746 3116 777 3167 et
794 3109 953 3187 condignos
973 3112 1091 3184 servire,
1105 3118 1196 3189 utque
1208 3112 1243 3170 in

55 3191 87 3249 iis
97 3191 211 3268 placide
221 3189 364 3249 inhaerere
374 3196 405 3248 et
414 3189 520 3248 devote
529 3209 713 3267 perseverare
723 3190 829 3248 tribue.
855 3190 913 3248 Per
923 3191 1086 3250 Dominum
1097 3200 1240 3253 nostrum.

104 3271 215 3329 Oratio.

101 3350 185 3409 Deus
198 3349 317 3408 invicte
331 3349 453 3407 virtutis
466 3354 577 3421 auctor,
592 3354 621 3407 et
642 3349 775 3407 omnium
788 3368 887 3408 rerum
901 3357 1015 3410 creator
1034 3372 1068 3411 se
1081 3353 1241 3413 sanctifica·

55 3449 95 3502 or,
109 3431 233 3488 intende
246 3429 398 3507 propitius,
414 3434 450 3487 ut
463 3429 525 3487 haee
544 3428 719 3487 indumenta
741 3430 930 3488 sacerdotalis
944 3438 974 3489 et
991 3432 1117 3490 levitieae
1140 3434 1240 3510 gloriae

55 3510 214 3568 sinisteriis
226 3510 287 3567 tuis
306 3509 441 3580 fruenda,
453 3515 507 3567 tuo
527 3529 577 3567 ore
590 3509 708 3586 proprio
728 3506 946 3588 beneffldicere
960 3517 991 3569 et
1010 3510 1240 3590 sanetiffifiesre

55 3597 70 3649 t
92 3609 263 3648 consecrare
282 3589 429 3666 digneris:
451 3608 609 3666 omnesque
630 3589 672 3646 eis
695 3594 814 3647 utentes
833 3590 894 3648 tuis
918 3592 1067 3664 mysteriis
1090 3598 1183 3666 aptos,
1209 3599 1240 3649 et

55 3670 95 3728 ibi
115 3670 205 3728 ineis
219 3668 324 3728 devote
344 3675 376 3728 et
388 3669 583 3727 amicabiliter
602 3669 770 3741 servientes,
785 3676 884 3745 gratos
897 3668 972 3726 effici
992 3669 1140 3727 concedes.
1181 3670 1241 3728 Per

55 3750 214 3809 >ominum

98 3830 142 3888 It't
161 3837 295 3905 capessat
315 3849 350 3888 ea
369 3829 532 3907 Episcopus
551 3849 631 3904 aque
651 3827 795 3888 essessa
808 3847 817 3883 :
847 3835 873 3884 et
893 3826 971 3883 idem
982 3825 1084 3900 saciat
1103 3825 1138 3882 in
1161 3825 1239 3886 bersc-

55 3911 165 3970 lecim
178 3909 329 3985 cujuslibet
342 3910 474 3986 specialis
487 3908 661 3967 inussisset.

254 4075 447 4135 Bnunmcno
466 4088 618 4132 srncmnrs
639 4084 822 4132 oususnrsnr
842 4084 1023 4127 ιιιιιιιιιιιιι.

99 4189 389 4347 gbeuldbinmgdtbiid,
397 4270 542 4326 bonerum
552 4263 700 4324 virtutum
713 4263 807 4335 detor,
816 4269 848 4322 et
855 4262 988 4321 omnium
1001 4260 1238 4322 benedictionum

55 4371 139 4430 orgus
152 4349 275 4423 inlusor,
291 4357 322 4409 te
335 4348 481 4426 supplices
494 4362 651 4462 exorsmnp
661 4353 696 4404 ut
709 4344 846 4404 munibus
860 4341 969 4401 nostris
983 4362 1067 4420 opem
1081 4349 1141 4401 tuse
1155 4343 1240 4403 bene-

611 4439 632 4481 u
