2768 4852
242 323 389 392 oretur
409 321 587 390 Uuetiouts
600 323 767 389 Eutruuae
781 331 811 391 et
824 323 1023 411 Sepulturu.
1155 324 1237 399 177*

89 491 131 549 Et
143 491 188 549 sic
200 488 322 563 sacient
334 488 382 548 tui
394 510 451 566 per
463 496 568 565 septem
580 489 651 561 dics,
664 489 693 547 ci
704 490 857 549 moesicae
867 489 975 565 firmi,
992 500 1052 550 tam
1066 492 1101 551 de
1114 511 1239 552 corruu-

51 571 116 631 e'cnc
128 591 223 647 quum
235 571 272 631 de
284 570 345 630 atio
358 571 455 645 officio
496 569 607 628 Debent
620 569 710 629 etium
723 590 757 629 eu
769 570 916 630 ministris
927 581 1036 630 sanctu
1048 570 1108 631 Dei
1120 572 1240 633 tutuo

51 652 162 727 pimus
183 671 252 711 cum
269 670 387 709 murena
406 650 565 710 revereretur
581 669 639 727 per
658 650 789 726 cirquloe
803 651 865 711 dies
882 652 1036 712 decumus
1060 652 1195 730 Vesperes
1212 662 1239 714 et

51 732 213 791 irentinus.
257 730 368 790 Oratio.

91 812 186 886 Deus,
199 812 356 871 miserator
371 811 504 870 omnium
517 810 551 868 in
567 816 600 868 te
620 810 813 881 credentium,
828 811 936 870 exaudi
949 832 1049 890 preces
1062 819 1187 888 nostres,
1208 820 1239 873 et

51 912 122 971 uper
150 893 355 952 infirmantem
380 897 468 950 tuum
488 891 635 949 famulum
651 890 706 965 ut,
731 891 878 950 coelestem
899 894 1024 952 infunde
1053 894 1238 954 medicinam.

51 974 100 1033 'er.

311 1101 432 1162 Ircrrrr
452 1116 535 1160 onoo
555 1117 590 1161 m
609 1116 735 1160 nomm
755 1101 966 1163 Monruouuu.

92 1234 171 1295 Mcoe
182 1242 282 1293 autem
294 1242 330 1292 ut
342 1254 409 1293 cum
421 1233 550 1293 videtu
570 1233 611 1290 ad
631 1232 742 1292 cuicum
756 1234 968 1310 propinquare,
981 1235 1243 1298 eorumuuicundue

51 1325 72 1376 rt
84 1316 122 1376 de
134 1315 280 1391 nertstert>
303 1323 411 1387 sunem,
425 1313 541 1373 etiuuree'
553 1313 717 1373 retrudisset
730 1314 794 1391 ipro
811 1315 866 1388 die,
882 1316 955 1391 quia
969 1317 1132 1375 commuuio
1146 1317 1201 1376 erit
1215 1317 1243 1377 ci

51 1395 361 1537 imm
371 1394 1244 1552 ‘ttttttttttttt,ttttwtttttttt

51 1577 140 1635 orpus
157 1556 273 1632 infirmi
290 1575 341 1615 seu
358 1576 379 1614 α
398 1554 578 1631 Presbyterie
597 1575 648 1614 ceu
665 1575 685 1612 u
703 1555 895 1631 Dmccnibus,
910 1578 1059 1634 quousque
1075 1560 1243 1634 eprediatur

51 1639 140 1697 esium
152 1638 189 1696 de
204 1656 327 1713 coepere.
369 1636 517 1694 Primum
538 1636 617 1694 euim
637 1645 672 1693 ut
694 1637 798 1694 auimo
819 1638 855 1696 de
877 1658 992 1715 corpore
1012 1659 1123 1715 cqreeeu
1133 1639 1242 1715 suerit,

51 1716 398 1794 mutumpcreiticium,
410 1725 436 1775 et
449 1725 599 1775 cuuuutur
611 1725 716 1793 septem
729 1717 845 1775 Psalmi
852 1720 1074 1794 poeuiteuiules,
1090 1728 1116 1778 et
1129 1720 1245 1794 uyeudu

51 1798 229 1871 abiurata,
246 1806 339 1874 proed
359 1806 471 1874 tenpus
481 1796 588 1872 suerit
632 1797 744 1856 Finitis
762 1806 860 1856 autem
879 1807 1047 1858 sauctorum
1064 1799 1244 1873 nominibus,

51 1898 102 1939 seu
113 1878 282 1955 incipiatur
293 1878 522 1953 Resperremium
531 1902 541 1937 .·

95 1959 268 2029 Subvenite,
282 1959 377 2017 sancti
390 1958 465 2019 Dei:
480 1958 636 2029 occurrite,
650 1958 749 2035 angeli
763 1958 896 2016 Domini.

51 2040 71 2100 7.
94 2039 247 2116 Requiem
260 2046 409 2097 ueternum.
578 2080 582 2093 .

96 2119 241 2195 Sequitur
265 2118 437 2195 Antiphone
446 2143 456 2179 :
483 2119 631 2196 Suscipiat
657 2124 688 2177 te
709 2119 854 2193 Christus,
873 2119 925 2197 qui
947 2119 1066 2178 vocavit
1090 2126 1130 2192 te,
1156 2126 1187 2180 et
1213 2121 1246 2179 in

51 2201 105 2259 inu
118 2199 253 2258 Abrehse
266 2200 364 2277 angeli
377 2199 526 2259 deducant
539 2205 577 2258 te.

98 2280 247 2340 Pralnuu.
290 2280 330 2337 In
344 2281 429 2338 exitu
444 2280 538 2338 Israel
558 2279 676 2358 (cciii.)
719 2279 892 2357 Sequuntur
905 2291 932 2342 et
949 2282 1006 2343 alti
1021 2281 1138 2344 Psalmi
1157 2302 1248 2360 usque

51 2362 80 2422 rt
90 2361 147 2420 Au
160 2360 326 2419 Dominum
339 2381 407 2420 cum
421 2361 583 2419 tribularer
594 2360 707 2439 (criu.)
907 2358 914 2367 “

416 2518 569 2579 Orationes
582 2536 669 2595 euper
684 2517 875 2593 Defunctum.

99 2656 159 2715 Pio
173 2653 386 2713 recordationis
398 2653 516 2727 affectu,
531 2662 557 2713 et
570 2661 662 2712 cetera
674 2661 822 2730 utsupra,
838 2673 865 2730 p.
883 2654 930 2714 96.

100 2736 183 2794 Alia.

100 2814 233 2892 Suscipe,
247 2815 386 2887 Domine,
401 2813 531 2871 animem
550 2813 629 2873 servi
642 2814 688 2872 tui
702 2813 744 2872 it.
763 2813 801 2872 ud
816 2819 846 2872 te
859 2819 1058 2873 revertentem
1071 2815 1108 2874 de
1121 2816 1250 2894 AEgypti

51 2897 178 2957 »artibus
188 2903 219 2954 et
232 2896 465 2973 proticiscentem
479 2894 517 2952 ed
531 2900 569 2954 te.
610 2895 725 2952 Emitte
738 2894 858 2972 angelos
868 2902 935 2953 tuos
948 2901 1064 2953 sanctos
1078 2897 1197 2954 obvium
1210 2898 1248 2971 ei,

51 2979 166 3037 rtvism
177 2976 305 3054 justitiae
318 2976 489 3034 demonstra
501 2974 537 3033 ei
579 2974 676 3051 Aperi
689 2974 718 3033 ei
736 2982 837 3051 portas
849 2974 982 3052 justitiae,
999 2981 1029 3034 et
1042 2976 1150 3052 repelle
1164 2978 1202 3034 ab
1216 2996 1251 3036 ee

51 3078 145 3118 >mnes
155 3056 302 3134 principes
312 3057 501 3114 tenebrarum
507 3075 517 3128 ;
529 3074 660 3131 agnosce,
668 3054 1065 3127 Dominc,creaturemtuem
1074 3076 1134 3114 non
1144 3076 1182 3115 ex
1193 3057 1250 3115 diis

51 3139 150 3197 ulienis
162 3144 299 3209 ereetum,
310 3137 361 3195 s'ed
371 3156 390 3193 u
400 3143 431 3194 te
445 3135 510 3194 Deo
523 3136 592 3193 vivo
606 3142 637 3192 et
650 3154 730 3208 vero,
746 3136 817 3212 quia
830 3155 890 3193 non
904 3142 949 3194 est
959 3135 1036 3195 alius
1047 3136 1129 3196 Deus
1141 3144 1250 3215 prester

51 3219 265 3292 20,D0mine,0t
274 3236 336 3274 non
346 3223 392 3275 est
401 3216 562 3274 secundum
570 3222 723 3292 operatua.
744 3216 1161 3292 Lretifice,Domine,enimum
1171 3220 1251 3279 servi

51 3302 91 3359 :ui
104 3297 168 3368 ill.,·
188 3317 226 3356 ne
246 3296 416 3356 memineris
433 3296 629 3372 iniquitatum
647 3298 712 3374 ejus
725 3297 918 3375 antiquorum
931 3306 962 3358 et
975 3301 1162 3374 ebrietatum,
1178 3320 1252 3378 quus

51 3379 201 3440 suscitavit
213 3378 297 3436 furor
313 3377 386 3435 muli
402 3376 549 3436 desiderii.
590 3378 674 3436 Licet
687 3378 768 3437 enim
785 3381 959 3456 peccaverit,
971 3386 1073 3440 tumen
1087 3380 1206 3440 Patrem
1221 3387 1252 3439 et

51 3461 159 3519 Filium
177 3467 209 3518 et
227 3459 374 3537 Spiritum
394 3457 537 3516 Sanctum
553 3476 615 3515 non
636 3460 768 3537 negavit,
792 3461 842 3519 sed
864 3461 999 3534 credidit,
1023 3469 1054 3519 et
1075 3462 1171 3520 zelum
1192 3461 1251 3519 Dei

51 3542 161 3613 hebuit,
177 3546 209 3598 et
222 3540 322 3599 Deum
335 3539 389 3617 qui
403 3539 503 3598 omnin
514 3538 586 3597 fecit
599 3539 744 3597 adoravit.
787 3538 852 3597 Per.

107 3621 187 3679 Alia.

107 3701 155 3759 Tu
176 3700 262 3759 nobis
281 3701 429 3759 auxilium
450 3705 589 3777 praestere
610 3698 739 3776 digneris
749 3718 759 3771 3
787 3705 822 3755 tu
844 3717 937 3774 opem,
965 3702 1001 3754 tu
1022 3696 1252 3756 misericordium

51 3781 182 3859 largieris
191 3800 201 3853 ;
232 3788 263 3839 et
283 3782 420 3858 spiritum
449 3782 539 3839 etiam
559 3779 664 3838 famuli
690 3779 738 3835 tui
757 3778 818 3835 ceri
838 3778 933 3836 nostri
959 3776 1010 3847 iu,
1039 3776 1167 3835 vinculis
1194 3797 1254 3836 cor-

51 3861 199 3941 poralibus
218 3861 378 3920 liberatum
391 3862 424 3919 in
437 3880 509 3938 peoe
526 3867 694 3919 sanctorum
713 3858 857 3935 recipies3
877 3865 913 3916 ut
932 3856 981 3913 hic
995 3856 1092 3914 locum
1109 3858 1253 3933 paenalem

51 3950 77 4002 et
98 3942 241 4018 gehennae
264 3942 364 4020 ignem
390 3942 581 4017 flammasque
605 3938 723 3998 Tartari
745 3938 777 3994 in
800 3939 920 4015 regione
940 3936 1108 3995 virentium
1135 3938 1251 4012 evadat,

51 4024 110 4095 Qui
124 4041 229 4100 regnes
243 4042 310 4083 cum
324 4023 414 4081 Patre
427 4028 458 4081 et
472 4022 587 4099 Spiritu
602 4020 710 4079 Sancto
723 4038 776 4096 per
789 4019 889 4078 omnis
901 4018 1008 4077 saecule
1021 4017 1202 4076 soeculorum.

108 4103 190 4162 Aru.

109 4184 241 4262 Suscipe,
255 4183 393 4258 Domine,
408 4183 538 4243 animam
552 4181 630 4241 servi
642 4181 690 4239 tui
702 4179 745 4240 iu.
755 4198 845 4258 quum
858 4179 895 4239 de
907 4178 1065 4257 ergastulo,
1079 4187 1106 4239 et
1119 4187 1210 4240 cetera
1220 4189 1255 4239 ut

51 4286 152 4344 surpra,
168 4285 194 4343 p.
212 4266 260 4325 5⁷.

110 4346 192 4405 Alia.

110 4427 144 4485 N
145 4446 185 4484 on
197 4426 292 4486 intres
309 4426 343 4485 in
351 4425 501 4504 judicium
514 4440 582 4482 cum
595 4439 680 4539 serpo
694 4426 757 4496 tuo,
773 4420 912 4499 Domine,
929 4420 981 4496 ill,
995 4420 1137 4499 quonium
1154 4421 1255 4481 nullus

614 4517 640 4558 u
