2768 4852
117 368 162 433 52
567 365 685 433 Unctis
707 367 878 433 Eutrema.

112 545 174 617 nisi
193 548 228 606 de
249 546 361 606 uomitu
382 547 428 607 oei
447 547 511 607 alia
532 548 720 608 incoermtia
737 547 926 625 probabiliter
946 549 1107 611 timeatur:
1130 551 1164 609 in
1180 571 1237 627 quo
1255 571 1284 610 ca

112 642 253 704 Sacerdos
266 646 346 702 dicct
360 645 480 720 infirmo
493 645 535 704 sic
544 669 563 706 .·⁴

173 741 285 812 F'rstsr,
300 742 333 799 in
345 742 401 799 hoc
414 760 484 799 casu
504 742 613 800 sufficit
633 741 691 800 tibi
710 761 781 801 vers
801 741 873 801 fides
887 748 919 802 et
931 743 1010 802 bona
1023 743 1183 802 voluntas:
1203 749 1284 801 tantu

112 837 206 910 erede,
221 843 252 896 et
265 837 457 896 manducasti

170 940 230 1000 Isti
242 963 303 1000 non
316 942 415 1000 deberet
428 962 539 1001 morture
554 942 670 1020 Corpus
684 941 805 1002 Curiam

313 1038 396 1096 Dum
410 1040 498 1097 vomit
510 1039 649 1116 infirmus
661 1060 723 1098 nou
736 1040 814 1099 debet
825 1057 937 1098 sumne
952 1037 1070 1117 Corpus

313 1135 445 1206 Curicta·
465 1137 526 1194 nesi
539 1137 629 1196 credit
636 1158 649 1206 ,·
671 1137 809 1195 credendo
815 1137 943 1212 fideliter
956 1137 1022 1212 epit.

311 1233 430 1304 Ebrius,
446 1232 580 1306 insanus,
596 1254 741 1306 moruus,
755 1242 781 1293 et
794 1233 870 1294 male
880 1235 1007 1307 credam,

311 1329 352 1386 m
360 1330 450 1405 pueri
457 1353 470 1400 ,·
494 1329 606 1407 Carpus
621 1329 732 1390 Cim'sti
744 1351 805 1389 non
817 1331 980 1407 nuupiant
993 1330 1034 1389 lei.

309 1425 380 1484 Non
393 1427 454 1484 nisi
466 1447 560 1486 mense
573 1428 658 1486 senui
670 1428 781 1503 aliquis
794 1428 982 1487 eommunicet
992 1448 1075 1503 sequ.

167 1538 208 1595 m
221 1547 291 1596 nota
305 1541 385 1615 quod
396 1539 538 1600 Sacerdos
551 1539 690 1616 infirmus
703 1551 729 1599 ct
743 1542 1006 1600 communicandus
1017 1541 1164 1601 induetur
1177 1539 1251 1600 stola.

170 1653 226 1710 IIic
240 1655 467 1714 communicetur
480 1656 627 1732 infinnus,
642 1657 794 1716 Sacerdote
808 1657 918 1715 dicente
930 1655 983 1715 lece
996 1658 1083 1715 modo
1094 1681 1104 1716 .·

166 1750 280 1827 Corpus
294 1752 417 1810 Domini
430 1754 525 1811 nostri
538 1755 560 1812 J
562 1774 613 1812 esu
628 1754 742 1812 Christi
758 1754 906 1813 custodiat
919 1772 1027 1830 corpus
1040 1759 1130 1812 tuum
1143 1761 1174 1812 et
1186 1749 1284 1810 animm

104 1852 188 1907 tuam
201 1849 234 1905 in
248 1850 342 1907 vitam
356 1857 505 1909 aeternam.
549 1852 659 1910 Amen.

164 1959 277 2018 Deinde
286 1962 365 2018 dicct
373 1961 515 2021 Sacerdos
524 1963 586 2021 sine
598 1962 746 2021 Dominus
756 1962 909 2021 vobiscum
919 1961 970 2020 sed
979 1968 1100 2020 tantum
1112 1983 1178 2021 cum
1189 1963 1284 2023 Cremu

101 2055 262 2114 orationem
288 2069 457 2133 sequentem,
479 2062 558 2137 quod
583 2081 645 2120 omn
672 2060 783 2119 dicitur
802 2060 864 2118 nesi
885 2067 1003 2118 tacitum
1029 2061 1152 2136 quante
1178 2061 1284 2137 infirmet

102 2153 335 2212 communicetur.

165 2260 274 2320 Oratio.

161 2357 298 2432 Domine,
322 2368 422 2419 sancte
443 2362 542 2434 Pater,
563 2363 753 2439 omnipotens
773 2368 882 2420 reterns
903 2361 995 2432 Deus,
1013 2366 1046 2419 te
1066 2361 1195 2422 fideliter
1212 2363 1284 2440 deum

99 2471 202 2513 camur
214 2463 250 2513 ut
267 2458 337 2515 huic
358 2459 445 2516 fratri
464 2466 566 2517 nostro
582 2459 633 2531 N„
647 2459 807 2535 accipienti
825 2465 1046 2517 sacrosanctum
1067 2459 1184 2537 Corpus
1196 2467 1225 2518 et
1236 2460 1284 2518 sa

96 2552 218 2627 guinem
231 2553 253 2610 J
255 2574 306 2612 esu
321 2554 442 2627 Christi,
458 2556 531 2613 Filii
545 2557 600 2628 tui,
616 2555 741 2614 Domini
760 2556 864 2626 nostri,
880 2560 942 2612 tem
956 2556 1088 2633 corporis
1102 2577 1192 2634 quam
1205 2556 1284 2616 anim!

96 2647 137 2706 sit
150 2650 230 2707 salus
244 2670 296 2726 per
310 2652 436 2709 eundem
451 2651 606 2710 Christum
621 2652 787 2710 Dominum
800 2658 945 2710 nostrum.

160 2764 293 2821 Oremus.
339 2764 450 2822 Oratio.

157 2859 248 2931 Deus,
268 2860 321 2936 qui
340 2868 507 2937 peccatores
527 2869 558 2919 et
578 2861 722 2920 scelerum
742 2880 831 2918 onere
851 2861 1002 2937 depressas
1022 2860 1223 2920 sacerdotibus
1240 2855 1282 2916 tuit

96 2957 249 3015 ostendere
265 2958 401 3032 jussisti:
424 2958 515 3030 Deus,
537 2958 590 3034 qui
611 2958 763 3034 discipulis
783 2958 852 3028 tuis,
875 2963 911 3014 ut
930 2958 1006 3015 bene
1026 2956 1183 3032 haberent,
1202 2967 1283 3014 manv

95 3074 183 3131 super
197 3056 329 3112 infirmos
343 3075 452 3131 ponere
466 3057 650 3132 praecepisti:
677 3057 769 3126 Deus,
786 3056 840 3132 qui
853 3074 905 3132 per
918 3054 1067 3131 apostolos
1089 3063 1158 3114 tuos
1177 3054 1282 3113 infirma

94 3171 176 3210 sacro
195 3153 259 3210 oleo
280 3174 389 3229 ungere
404 3161 435 3211 et
450 3174 501 3231 pro
516 3155 558 3211 eis
572 3174 655 3212 orare
670 3153 815 3211 docuisti:
841 3152 932 3224 Deus,
948 3153 1001 3228 qui
1020 3171 1074 3229 per
1088 3153 1284 3231 impositionssi

94 3267 199 3307 manus
212 3251 398 3308 sacerdotum
412 3271 479 3309 cum
500 3252 547 3308 tui
561 3252 656 3308 sancti
670 3251 801 3308 nominis
821 3249 1012 3308 invocatione
1032 3258 1156 3326 peccata
1174 3248 1284 3311 selam

93 3345 233 3417 voluisti,
255 3348 362 3404 exaudi
386 3348 534 3405 orationes
556 3355 680 3419 nostras,
705 3356 736 3404 ct
760 3348 799 3405 da
821 3347 891 3404 huic
912 3346 1025 3403 famulo
1046 3352 1102 3404 ιιιο
1122 3345 1228 3405 infirmi
1261 3337 1268 3351 ⁴

94 3459 173 3498 noxa
186 3461 323 3519 oppresso
335 3463 386 3519 per
396 3443 451 3502 hoc
462 3464 577 3501 sacrum
591 3443 777 3519 mysterium,
789 3443 868 3520 quod
882 3461 936 3500 nos
946 3441 1076 3500 famulos
1087 3448 1156 3500 tuos
1168 3439 1277 3514 indam

93 3555 180 3613 agere
206 3539 334 3612 voluisti,
361 3541 562 3598 remissionem
583 3541 716 3598 omnium
747 3546 934 3616 peccatorum
945 3559 954 3611 3
984 3538 1131 3615 quatinus
1155 3557 1204 3616 per

93 3633 151 3691 olei
171 3636 278 3692 sacrati
291 3637 462 3694 unctionem
483 3643 513 3695 et
534 3637 672 3714 Corporis
685 3657 719 3694 ao
734 3636 894 3713 Sanguinis
907 3635 956 3693 tui
975 3635 1194 3712 perceptionem

92 3748 199 3787 manus
219 3740 328 3791 nostrae
350 3734 569 3810 impositionem
590 3741 697 3792 cuncta
722 3735 749 3791 ei
774 3735 905 3791 facinora
926 3731 1030 3789 Sancti
1050 3731 1182 3809 Spiritus
1254 3718 1267 3733 ⁹

92 3827 273 3902 relaxentur,
298 3832 442 3888 sanitates
466 3831 573 3888 animae
594 3837 625 3888 et
645 3831 775 3907 corporis
795 3831 995 3888 restituantur
1006 3847 1016 3901 3
1040 3833 1159 3887 utnon
1184 3824 1238 3904 pins

91 3934 196 3985 noceat
209 3929 388 3986 conscientia
403 3936 501 3986 reatus
514 3929 561 3987 sui
575 3929 612 3986 ad
626 3949 750 4005 paenam,
761 3949 849 4006 quam
859 3927 1046 4004 indulgentia
1059 3934 1092 3985 et
1105 3944 1190 3985 recen
1206 3919 1228 3935 '⁴
1251 3910 1258 3927 ⁸

90 4023 128 4081 ad
143 4026 270 4083 veniam.
312 4025 370 4083 Per
384 4025 538 4084 Christum
552 4027 717 4085 Dominum
731 4033 874 4084 nostrum.
917 4026 1027 4082 Amen.

151 4137 187 4195 Si
201 4139 363 4215 Episcopus
384 4139 474 4210 adest,
498 4139 627 4198 absoluat
651 4141 805 4215 infirmum
827 4149 853 4198 et
874 4137 954 4198 dicat
975 4137 1031 4197 has
1051 4138 1200 4198 craticius.
1231 4120 1256 4187 s

89 4241 196 4305 autem,
213 4235 352 4294 Sacerdos
364 4236 422 4294 leae
437 4236 583 4312 monetent.
629 4237 739 4295 Oratio.
1258 4255 1284 4312 Ι

150 4340 298 4400 Dominus
310 4344 400 4402 Jesus
415 4345 552 4402 Christus
572 4346 651 4420 apud
665 4351 696 4403 te
714 4347 762 4419 sit,
776 4352 811 4403 ut
826 4352 856 4403 te
876 4344 1036 4417 defendat3
1057 4343 1140 4403 intra
1158 4351 1188 4401 ta
1198 4337 1236 4409 tii.

87 4448 118 4502 ta
131 4439 266 4514 reficist3
286 4442 408 4501 circata
422 4443 470 4515 sit,
487 4449 521 4500 ut
535 4450 566 4501 tc
580 4451 754 4518 conservet3
774 4444 958 4516 antedcsit,
972 4450 1054 4503 utta
1068 4443 1238 4514 totamm
