2768 4852
383 323 434 391 In
452 322 518 391 Die
537 323 739 391 Parueoeves.
1101 331 1163 394 109

67 507 171 566 mimsl
183 506 406 581 benedictione3
425 507 550 566 benedic
563 512 595 566 et
607 507 759 567 sanctifica
778 507 854 567 hane
872 516 1038 568 ereaturam
1051 511 1121 569 salis
1134 517 1165 569 et

75 611 113 664 ut
132 605 221 664 nobis
241 605 321 664 dona
338 609 391 663 tua
411 605 597 664 sumentibus
617 605 725 664 enimse
739 612 769 665 et
783 605 913 684 eorporis
930 608 1087 665 sanitatem
1101 627 1166 684 pro

67 702 217 762 oonoedas.
259 702 319 761 Per
332 701 497 759 Dominum
510 707 647 759 nostrum
661 702 683 761 J
684 722 768 760 esum
783 701 944 762 Christum.

120 912 609 974 ammanuensium
631 932 689 974 ano
710 932 824 976 amors
844 917 1003 977 Vivosuu.

67 1044 219 1122 mipotens
252 1044 430 1120 sempiterne
464 1044 555 1116 Deus,
584 1052 699 1104 creator
727 1047 862 1105 omnium
895 1042 1106 1107 elementorum
1135 1056 1166 1108 et

67 1143 162 1216 lontio,
173 1142 227 1219 qui
239 1162 271 1201 es
283 1141 418 1200 Trinitas
430 1149 462 1201 et
475 1143 596 1216 Unius,
609 1163 763 1220 precamur
776 1151 815 1215 te,
826 1144 1051 1204 clementissime
1066 1146 1164 1220 Pater,

67 1258 195 1316 mosyna
217 1238 277 1296 iste
299 1258 353 1315 per
375 1239 607 1296 miserioordiam
627 1245 711 1297 tuam
730 1246 850 1318 aooepta
866 1241 922 1299 tibi
936 1242 976 1299 sit
988 1261 1043 1319 pro
1056 1243 1166 1301 famulo

70 1342 123 1408 ,et
132 1337 174 1394 sit
186 1334 354 1394 benedictio
367 1341 422 1393 tua
434 1354 522 1412 super
542 1336 605 1393 haeo
620 1337 720 1393 omnia
734 1336 811 1394 dona
826 1342 886 1395 tua.
930 1338 990 1396 Per
1003 1338 1166 1397 Dominum

67 1452 105 1491 m.

173 1561 367 1621 Bmssnrorro
388 1561 664 1621 Enasuosrssnuu
685 1579 743 1621 rso
764 1561 952 1622 nerone-ms.

67 1688 208 1749 soondite
221 1688 443 1766 eleemosynam.
477 1746 483 1755 ,

67 1786 122 1844 irie
135 1785 263 1862 eleyson.
306 1785 424 1844 Christe
438 1785 564 1863 eleyson.
609 1786 706 1863 Kyrie
720 1786 845 1864 eleyson.

67 1892 116 1942 ter
128 1887 237 1941 noster.
280 1881 324 1940 Et
336 1901 374 1940 ne
387 1901 448 1941 nos

67 1980 172 2059 quiem
186 1986 336 2038 aeteruum.

68 2083 159 2156 porte
170 2076 267 2158 inferi.

67 2170 121 2230 edo
134 2169 235 2228 videre
248 2169 335 2227 bona.

67 2267 157 2325 imino
170 2265 286 2326 exaudi

67 2362 175 2421 »minus
187 2361 349 2420 vobiscum.
390 2360 512 2420 Etcum
527 2360 635 2438 spiritu
649 2367 711 2419 tuo.

67 2478 161 2518 emus
205 2457 315 2518 Oratio.

67 2574 178 2634 spreeor
189 2560 230 2628 te,
244 2554 374 2614 Domine
388 2555 471 2627 Dens
491 2555 685 2631 omnipotens,
701 2562 737 2613 ut
753 2554 841 2613 istam
855 2556 1070 2632 eleemosynam
1083 2556 1169 2614 beno

75 2660 108 2713 et
120 2651 305 2713 sanetifioare
319 2652 449 2729 digneris
462 2671 515 2730 pro
529 2651 742 2709 animafamuli
754 2652 802 2709 tui
815 2652 855 2711 N.
872 2658 907 2710 ut
920 2652 1015 2710 vitam
1028 2659 1169 2712 aeternam

67 2755 237 2809 emereatur
250 2749 283 2806 in
296 2748 383 2807 eaelis.
425 2749 484 2806 Per
497 2748 661 2807 Dominum
674 2755 817 2807 nostrum.

67 2846 141 2908 atio.

67 2965 121 3019 ens,
134 2944 189 3022 qni
201 2943 453 3021 eleemosynamm
466 2943 677 3001 distributione
695 2942 823 3001 docuisti
840 2948 959 3020 peecata
971 2943 1078 3016 delere,
1093 2943 1170 3000 hano

67 3060 183 3120 nynsm
205 3060 260 3117 pro
282 3040 383 3099 anima
403 3038 509 3097 famuli
525 3039 574 3096 tui
593 3038 632 3096 N.
655 3038 779 3115 suscipe,
794 3047 825 3097 et
845 3039 919 3097 lueis
938 3040 966 3098 ei
986 3038 1124 3098 laetitiam
1137 3041 1171 3096 in

67 3159 87 3199 ‚e
99 3146 271 3199 unctorum
283 3144 406 3197 tuorum
419 3136 559 3196 societate
572 3136 705 3195 concede.
749 3136 808 3194 Per
821 3137 993 3195 Dominum.

404 3341 444 3400 In
465 3341 529 3400 Dis
551 3340 776 3400 Pannonias*

67 3493 130 3554 ‚die
142 3493 317 3552 Parueceoee
328 3491 389 3549 duo
404 3489 567 3565 Presbyteri
579 3489 672 3547 nudie
680 3488 816 3565 precibus
828 3489 909 3548 erasi
922 3489 1024 3548 dicant
1036 3513 1045 3549 :

67 3591 149 3670 >pule
162 3610 256 3663 meus,
271 3588 344 3667 quid
357 3586 414 3646 ieci
426 3586 484 3643 tibi
497 3593 551 3643 aut
564 3586 597 3642 in
610 3605 669 3662 quo
682 3585 858 3643 contristavi
871 3591 911 3658 te,
925 3587 1068 3663 responde
1081 3584 1155 3642 mihi
1167 3604 1176 3655 ;

67 3689 151 3748 eduxi
163 3695 196 3746 te
208 3687 242 3745 in
255 3686 292 3745 de
304 3693 386 3743 terra
399 3682 536 3761 AEgypti,
550 3684 661 3760 parasti
675 3703 791 3741 crucem
805 3682 945 3740 salvatori
957 3688 1018 3743 tuo.

67 3807 105 3846 uo
117 3783 277 3853 Diaroni†
291 3782 327 3841 in
338 3780 423 3841 Altis
435 3780 527 3840 audis
536 3779 660 3856 peditus
673 3781 707 3839 in
720 3779 813 3838 medio
829 3776 916 3838 Ultori
929 3776 1120 3853 respondeam
1134 3783 1177 3834 ter

67 3887 107 3947 do
118 3903 219 3962 yenao
227 3907 238 3943 .·

67 3985 127 4064 yios
141 3982 169 4042 Ο
183 3980 289 4053 Theos,
306 3979 401 4056 agios
419 3977 552 4055 Iskyros,
566 3976 661 4056 agios
674 3974 854 4045 Athanatos,
870 3972 988 4047 eleyson
1001 3986 1093 4044 ymas.

67 4085 152 4144 orm
165 4077 356 4154 lar-flectendo
369 4076 469 4159 dieat:

67 4187 163 4241 nctus
176 4178 269 4248 Deus,
281 4171 509 4244 monsfortis,
524 4177 642 4231 sanetus
655 4177 687 4229 et
701 4166 886 4238 immortalis,
900 4162 1039 4221 miserere
1052 4162 1145 4220 nobis.

119 4333 133 4360 ¹
150 4329 205 4376 The
215 4327 288 4375 Plsin
298 4326 379 4374 Chunt
389 4324 415 4373 ol
425 4324 476 4372 this
487 4323 562 4371 Offlco
573 4325 624 4371 will
634 4325 663 4369 be
674 4321 751 4369 found
761 4320 788 4366 in
798 4319 840 4365 the
851 4313 1026 4365 Processional.

116 4417 133 4478 †
149 4413 191 4460 Sir
199 4412 223 4461 J.
235 4410 363 4459 Lauson's
370 4411 470 4458 ain-‘¹
477 4412 530 4460 Dur
540 4406 671 4469 Praetytcri
680 4405 716 4454 vel
724 4401 846 4451 Diaconi.”
