2768 4852
487 355 591 424 Ritus
611 355 830 442 Baptiaaadi,
1223 356 1265 426 17

89 579 92 582 -
118 537 235 598 Deinde
259 539 386 616 asapiat
404 539 544 599 Sacerdos
564 539 711 616 infantem
731 540 766 598 in
789 539 927 598 manitas
947 539 1019 612 sais,
1041 546 1069 598 et
1089 536 1267 614 interropato
1374 612 1377 617 ,

52 635 177 695 maine
188 633 318 710 infantia
335 635 458 712 baptizet
474 655 541 694 eam
553 637 607 695 aab
622 635 703 694 trina
715 635 856 693 asamona
869 643 994 708 tantam,
1010 634 1152 694 Sanctam
1168 634 1266 693 Trini-

52 737 145 790 tatem
157 731 329 805 invocando,
340 732 455 791 diceris:
470 732 521 806 N„
533 732 576 790 Et
588 751 642 810 ego
655 732 772 808 baptizo
786 737 816 789 te
829 731 862 789 in
876 733 996 790 nomine
1010 731 1111 790 Patris
1115 750 1125 804 3
1141 731 1265 790 comendo

37 820 177 904 'mereat
191 835 223 887 et
235 829 328 901 Filii;
349 830 432 888 tertio
445 839 565 905 merqat,
579 835 611 888 et
624 828 755 906 Spiritus
769 828 880 887 Sancti.
922 827 1029 886 Amen.
1185 826 1188 830 ⁴

20 982 24 987 .
92 932 133 992 Si
149 932 261 992 dubim
277 932 420 992 Sacerdos
436 933 472 992 da
489 933 606 1005 infante
621 942 725 991 atram
746 951 811 992 rere
824 931 924 1006 faerit
945 932 1111 1009 baprtizatas
1128 930 1173 991 rel
1192 951 1262 1003 aon,

24 1032 28 1039 '
48 1028 182 1106 accipiat
194 1028 341 1105 infantem
350 1029 385 1087 in
394 1029 532 1088 utendas
540 1036 567 1089 et
578 1028 701 1106 baptizet
714 1048 789 1101 mem,
801 1028 842 1087 sie
855 1028 974 1087 dmens:
996 1028 1030 1085 Si
1043 1027 1211 1104 baptizatus
1224 1046 1264 1098 es,

46 1143 115 1186 non
138 1131 171 1185 te
194 1126 371 1203 rebaptizo!
412 1125 446 1183 Si
468 1144 530 1184 nou
552 1120 721 1202 baptizatus
743 1144 783 1196 es,
798 1143 851 1201 ego
875 1124 994 1201 baptizo
1013 1130 1062 1182 te:
1084 1124 1124 1182 In
1144 1123 1265 1181 nomine

47 1221 155 1282 Patris
172 1227 204 1280 et
221 1222 292 1280 Filii
310 1228 342 1280 et
360 1221 490 1299 Spiritus
507 1222 618 1281 Sancti.
651 1221 769 1280 Amen:
787 1231 822 1280 at
835 1241 928 1299 aspira
945 1222 1058 1281 dictam
1072 1229 1120 1294 cst,
1136 1229 1163 1280 et
1175 1219 1265 1280 sasai·

40 1318 159 1399 piatar
166 1337 243 1395 puer
256 1339 276 1377 a
290 1328 452 1390 commatre,
462 1326 564 1395 postea
577 1317 613 1376 al>
627 1318 761 1377 omnibus
775 1327 923 1394 tanqatar.

113 1416 231 1476 Deinde
241 1416 393 1476 nominato
400 1435 504 1492 parra,
516 1415 657 1482 Sacerdos
664 1415 766 1491 saciat
776 1417 895 1492 manne
908 1417 1003 1475 maris
1015 1416 1050 1474 ia
1062 1415 1164 1475 vertice
1174 1416 1266 1492 pueri

45 1514 86 1575 de
108 1515 263 1574 canaan
277 1535 343 1575 mm
362 1515 475 1592 pollice,
495 1514 617 1574 aiam.-
639 1513 689 1587 N.‚
708 1515 791 1572 Deus
810 1516 1008 1591 omnipotens,
1027 1514 1119 1573 Pater
1138 1513 1264 1572 Domini

43 1611 148 1671 nostri
161 1612 183 1671 J
184 1631 235 1670 esu
250 1611 372 1684 christi,
388 1612 441 1689 qui
451 1618 482 1671 te
495 1611 684 1689 regeneravit
695 1630 733 1670 ex
751 1631 830 1688 aqua
842 1618 874 1670 et
887 1611 1004 1688 Spiritu
1018 1611 1136 1682 Sancto,
1152 1611 1263 1687 quique

44 1709 136 1777 dedit
155 1709 213 1766 tibi
233 1709 437 1768 remissionem
457 1709 591 1766 omnium
610 1714 798 1786 peecatorum
817 1709 881 1788 ipse
897 1715 928 1767 te
945 1709 1035 1767 liniat
1055 1705 1262 1787 chrismateffl«

43 1807 158 1868 salutis
170 1807 204 1866 in
219 1807 339 1866 Christo
352 1807 426 1867 Jesu
441 1808 572 1866 Domino
586 1807 730 1866 nostruin
744 1808 840 1865 vitam
852 1814 1001 1866 aeternam.
1045 1807 1154 1865 Amen.

108 1911 217 1970 Postea
236 1911 386 1970 indantur
397 1909 503 1986 insana
519 1919 591 1970 veste
604 1910 762 1984 amanti,
777 1910 929 1970 Sacerdote
945 1911 1143 1986 intermeante
1156 1929 1262 1969 aaaron

41 2007 186 2086 isefontis,
207 2008 252 2066 ita
272 2008 393 2067 dmentdo
405 2033 415 2068 :
453 2007 505 2080 N„
528 2007 640 2084 Accipe
660 2014 774 2066 vestem
793 2007 950 2065 candidam
974 2013 1005 2065 et
1028 2007 1258 2078 immaculatam,

42 2124 140 2185 quam
149 2100 278 2183 perieras
288 2110 359 2162 ante
368 2104 503 2162 tribunal
513 2104 638 2162 Domini
648 2103 745 2162 nostri
752 2103 774 2161 J
775 2123 827 2162 esu
838 2102 952 2162 Christi
962 2103 995 2160 in
1002 2104 1098 2162 vitam
1108 2109 1258 2161 aeternam.

41 2202 157 2264 Amen
289 2262 292 2267 ,
1031 2218 1034 2223 ·

83 2294 93 2305 “
106 2297 225 2358 Deinde
237 2299 392 2375 interroqet
405 2297 547 2357 Sacerdos
560 2317 666 2358 nomen
679 2297 815 2374 infantie,
831 2298 939 2357 itamrie
952 2299 1053 2357 dando
1067 2299 1094 2358 ei
1107 2298 1259 2359 candelam

39 2398 79 2458 in
92 2417 190 2456 mana
202 2416 260 2456 enm
273 2397 386 2470 dextra,
401 2405 428 2454 et
441 2396 539 2454 debat:
567 2397 604 2454 N
602 2441 619 2469 .,
635 2398 747 2474 Accipe
760 2397 929 2474 lampadem
942 2397 1095 2454 ardentem
1108 2417 1117 2468 ;
1137 2398 1260 2471 irrepre

37 2494 223 2557 hausibilem
240 2494 356 2553 custodi
379 2495 561 2572 baptismum
582 2500 688 2568 tuum;
709 2515 795 2552 aalma
816 2495 958 2552 mandata
968 2513 976 2565 3
996 2500 1033 2549 ut
1054 2512 1121 2550 cum
1142 2493 1258 2550 venerit

26 2592 211 2653 -Dominnm
229 2592 268 2650 ad
284 2591 405 2669 nuptias
421 2593 516 2669 possis
532 2611 682 2651 occurrere
705 2592 733 2649 ei
750 2610 810 2648 uua
832 2610 900 2648 cum
921 2590 1032 2648 sanctia
1052 2590 1113 2646 suis
1134 2589 1166 2646 in
1188 2588 1257 2646 aula

36 2688 166 2761 calcati,
181 2695 217 2746 ut
229 2689 336 2748 habeas
349 2689 445 2746 vitam
459 2696 600 2747 {eternam
614 2696 645 2747 et
656 2689 740 2746 vivas
754 2689 786 2744 in
801 2688 907 2745 saecula
920 2686 1101 2744 aaecitlorum.
1146 2684 1253 2742 Amen.

103 2793 142 2853 Si
149 2792 311 2870 Episcopsea
320 2792 401 2852 adest
410 2793 510 2851 elatine
519 2793 688 2868 confinnari
697 2812 763 2850 eam
772 2799 880 2867 oportet
889 2800 916 2848 et
924 2799 1025 2866 postea
1035 2788 1253 2860 oonzrreanicari,

29 2892 66 2953 ei
79 2889 181 2950 aratia
193 2891 256 2968 ejeea
268 2899 317 2963 eet,
333 2888 455 2949 dicendo
475 2891 536 2950 cic:
558 2890 671 2967 Corpus
686 2890 809 2948 Domini
829 2889 925 2947 nostri
938 2889 960 2946 J
961 2908 1012 2946 esu
1034 2886 1148 2946 Christi
1161 2891 1256 2945 custo-

27 2988 107 3051 diat
120 3005 229 3064 corpus
241 2993 330 3046 tuum
344 2993 375 3046 et
387 2988 518 3045 animam
532 2995 616 3045 tuam
630 2989 663 3045 in
676 2989 771 3045 vitam
785 2995 934 3046 aetcruam.
978 2987 1088 3044 Amen.

101 3084 141 3145 Si
160 3085 265 3161 insana
277 3086 316 3144 ait
332 3085 510 3162 irp'anpatnr
522 3086 608 3162 patri
625 3095 652 3144 et
669 3086 761 3144 matri
775 3086 851 3144 taeri
863 3105 993 3163 parram
1006 3084 1050 3143 ml
1062 3084 1140 3143 tueri
1150 3082 1253 3159 facere

21 3186 73 3248 ab
85 3184 158 3260 ione
168 3192 194 3242 et
202 3203 281 3260 aqua
294 3192 321 3243 et
330 3185 465 3243 omnibns
474 3184 543 3242 aliis
549 3184 690 3261 amma
699 3204 790 3260 acque
800 3185 841 3242 ad
851 3194 964 3243 atatem
971 3193 1076 3260 septem
1085 3203 1252 3254 annonem,-

19 3293 60 3346 οἱ
76 3281 108 3341 si
121 3281 182 3356 ipsi
193 3299 254 3339 non
262 3280 385 3357 saciant
394 3281 514 3357 patrini
530 3289 557 3339 et
569 3281 707 3346 matriaco
725 3289 866 3340 manem.
908 3280 1053 3340 Similiter
1070 3282 1212 3357 compatri
1225 3290 1252 3340 et

21 3378 198 3444 commatri
225 3376 403 3454 injanbatar
430 3379 528 3436 docere
552 3378 697 3453 infantem
718 3376 809 3435 Pater
833 3382 935 3434 noster
959 3386 985 3436 et
1007 3378 1077 3435 Avo
1102 3377 1201 3436 Maria
1224 3387 1251 3437 et

19 3474 139 3540 Credo
153 3473 187 3531 in
197 3472 360 3544 Deum,er
371 3474 467 3533 doceri
472 3472 572 3548 facere
577 3496 589 3544 ;
603 3473 684 3549 qaod
696 3473 846 3532 chrismale
859 3472 1010 3548 deseratur
1018 3473 1060 3531 ad
1072 3472 1231 3532 Ecclesiam
1237 3496 1250 3543 ,·

14 3570 180 3639 &militer
189 3571 269 3645 qued
278 3573 472 3646 constrantur,
482 3571 602 3646 qcmndo
613 3569 871 3646 citiasEpiscopaa
877 3569 1026 3628 advenerit
1037 3569 1251 3646 circumpones

10 3689 89 3751 per
103 3675 213 3744 septem
224 3666 377 3726 milliaria.

340 3861 441 3920 Rrrus
461 3861 654 3920 Barnaeum
676 3876 710 3919 m
729 3860 949 3921 Nucessmsru.

95 4016 152 4077 Ad
166 4015 377 4094 baptizandam
390 4014 565 4092 infirmam
578 4015 613 4074 in
625 4014 798 4075 necessitate.
838 4015 986 4073 Medelam
1002 4019 1087 4071 tuam
1100 4015 1248 4093 deprecor,

10 4114 180 4186 Domine,
191 4119 292 4172 sancte
306 4111 408 4186 Pater,
418 4112 605 4189 omnipotens
618 4118 729 4171 aeterne
742 4110 833 4184 Deus,
845 4111 899 4187 qui
911 4110 1051 4168 subvenis
1061 4110 1094 4168 in
1101 4112 1248 4190 periculis

13 4218 88 4302 qui
110 4221 262 4290 temperas
276 4209 393 4289 flagella
406 4209 478 4269 dum
492 4210 636 4269 verberas.
683 4208 724 4267 Ta
738 4227 814 4287 crgo,
830 4207 968 4278 Domine,
982 4207 1128 4286 supplices
1147 4209 1250 4288 depra-

190 4362 203 4389 '
219 4360 290 4408 York
300 4361 400 4409 MS.-“
409 4373 459 4408 non
468 4360 570 4407 intendo
579 4363 603 4407 ta
613 4359 775 4420 rebaptizem
792 4359 864 4406 sedai
873 4361 944 4416 nou:l
953 4358 995 4408 &a

188 4439 203 4500 †
218 4437 259 4485 sir
268 4437 335 4486 John
345 4435 470 4484 Lawson’a
480 4435 625 4483 its-“Ad
632 4433 793 4497 baptizandam
801 4433 913 4498 infamem
922 4435 947 4481 in
957 4435 1107 4484 mamona!

633 4531 653 4571 B
