2768 4852
388 332 731 398 Manualeadusuru
744 332 880 401 Sarum.
1180 333 1240 394 81*

89 497 215 557 Deirule
228 506 370 573 eeqrratar
378 521 388 557 .·

91 578 198 654 Kyrie
214 578 342 653 eleyson.
387 576 504 635 Christe
524 578 651 653 eleyson.
695 578 792 654 Kyrie
810 578 938 653 eleyson,
956 577 1018 636 eine
1036 576 1127 634 Pater
1141 579 1242 634 noster

71 657 139 717 sine
153 658 305 715 Dominus
319 658 491 716 vobiscum:
511 659 562 716 sed
575 667 692 716 tantem
708 678 776 715 cunc
790 658 923 715 Oromus.

96 737 213 797 Oratio.
257 737 326 810 Fae,
349 757 526 814 quaesumus,
549 737 687 810 Domine,
713 737 790 796 hanc
811 757 879 794 cum
899 737 1017 795 servulo
1035 743 1096 806 tuo,
1112 742 1137 794 et
1151 743 1242 794 cetera

82 836 190 893 supra,
205 836 231 893 p
249 817 299 874 94.

96 896 219 955 Deinde
231 897 356 972 impiet
369 906 471 955 cantor
485 894 710 973 Responsorium
720 921 730 956 :
751 897 858 955 Libera
870 916 927 968 me,
942 896 1079 967 Domine,
1089 895 1126 953 de
1134 900 1237 966 morte,

73 985 173 1036 eccere
187 985 222 1034 ut
235 996 335 1051 ncpra,
345 996 373 1052 p.
389 977 435 1035 82.

105 1056 219 1115 Versus.
262 1056 335 1114 Dies
348 1057 408 1114 ills.

100 1152 143 1209 Et
157 1161 347 1228 percontetur
359 1173 379 1209 a
398 1152 482 1210 clioro
503 1173 570 1211 cunc
589 1172 642 1211 sao
668 1152 757 1212 Versu
771 1161 895 1224 tantam,
917 1152 1023 1211 scilicet
1043 1151 1116 1208 Dies
1134 1150 1194 1221 illa,
1208 1159 1243 1208 at

71 1248 144 1306 pra,
165 1241 192 1289 et
212 1232 331 1290 interim
351 1232 515 1291 incensetur
536 1252 639 1308 corpus
660 1254 681 1291 a
701 1233 853 1292 Sacerdote
876 1232 960 1290 nnat
982 1231 1195 1302 circumeundo,
1216 1239 1243 1288 et

71 1320 140 1369 ntea
154 1310 328 1386 aspersator
340 1333 421 1387 aqua
436 1312 582 1370 benedicta
589 1334 603 1381 ,·
624 1313 728 1371 deinde
741 1321 879 1387 squatar
887 1333 897 1369 :

103 1391 203 1466 Kyrie
215 1391 341 1466 eleyson.
384 1391 501 1449 Christe
514 1392 639 1468 eleyson.
683 1392 780 1468 Kyrie
793 1391 919 1468 eleyson.

103 1482 166 1540 Hic
178 1491 257 1557 repet
269 1482 407 1541 Sacerdos
420 1485 637 1542 circumstantes
650 1504 733 1543 orare
740 1504 799 1561 pro
812 1485 916 1542 anima
929 1483 1061 1559 defuncti
1073 1485 1189 1545 diceas:

106 1562 167 1632 Pro
180 1563 280 1620 enims
292 1562 332 1620 N.
348 1570 378 1620 et
392 1583 445 1640 pro
458 1564 613 1621 animabus
626 1565 760 1622 omnium
772 1563 904 1622 fidelium
918 1564 1130 1623 defunctorum.

106 1642 199 1699 Pater
212 1649 319 1700 noster.
363 1642 405 1700 Et
418 1663 456 1700 ue
468 1662 531 1701 nos.
574 1643 632 1701 Sed
645 1644 745 1705 libera.

106 1722 179 1780 Non
193 1723 287 1779 intres
300 1722 331 1778 in
341 1723 488 1798 judicium
502 1742 569 1780 cum
583 1742 668 1781 servo
681 1731 735 1781 tuo
748 1723 794 1782 ael
805 1723 922 1781 servula
935 1729 997 1797 tua,
1012 1724 1141 1784 Domine
1155 1747 1161 1784 :

148 1802 227 1871 Quia
239 1821 300 1858 non
309 1803 524 1877 justificabitur
536 1803 569 1859 in
582 1810 739 1880 conspectu
753 1811 807 1862 tuo
820 1804 916 1861 omnis
930 1805 1041 1862 vivens.

104 1884 138 1940 A
152 1887 240 1957 ports
253 1881 341 1938 inferi
356 1903 362 1938 :

147 1962 239 2032 Erue,
253 1961 390 2032 Domine,
404 1962 518 2019 animas
531 1981 639 2020 eorum

107 2041 205 2100 Oredo
218 2040 318 2098 videre
332 2042 409 2098 bona
423 2041 557 2098 Domini:

147 2120 188 2178 In
203 2127 283 2177 terre
295 2122 469 2179 viventium.

105 2200 249 2271 Domine,
263 2200 378 2258 exaudi.

105 2282 258 2339 Dominus
271 2281 431 2340 vobiscum.
475 2280 607 2340 Oramus.

106 2374 221 2433 Oratio.
263 2373 390 2445 Incline,
406 2373 543 2445 Domine,
557 2393 658 2432 aurem
671 2380 764 2446 tuem,
779 2382 805 2432 et
819 2382 910 2433 cetera
923 2381 1070 2448 utsupra,
1084 2391 1112 2449 p.
1131 2372 1177 2431 64.

106 2454 169 2513 Hic
183 2455 347 2529 deportetur
360 2473 464 2528 capus
476 2454 517 2511 ad
530 2453 721 2530 sepulchrum,
737 2463 852 2513 cantem
865 2453 1028 2528 incipiente.

105 2534 289 2609 Antiphone.
332 2534 371 2590 In
385 2533 567 2592 Paradisum.

111 2613 257 2671 Psalmus.
301 2613 340 2669 In
354 2613 438 2670 exitu
452 2613 545 2671 Israel
559 2613 595 2671 de
609 2614 743 2690 AEgypto
759 2611 864 2692 (ccciii.)

106 2693 201 2752 Alius
226 2692 372 2766 Psalmus,
400 2693 428 2751 ei
454 2702 571 2752 tanturn
597 2703 686 2753 restat
712 2694 776 2765 iter,
801 2692 929 2752 seilicet:
963 2691 1015 2749 Ad
1042 2697 1082 2762 te,
1110 2688 1248 2763 Domine,

71 2774 150 2833 irari
173 2771 276 2850 (noio.)

108 2865 216 2924 Finito
230 2864 350 2922 Psalmo
363 2863 407 2921 uel
418 2864 554 2935 Psalmis,
570 2863 688 2922 dicatur
700 2865 753 2922 iste
772 2865 874 2922 Versus
883 2888 893 2923 :
914 2864 1060 2940 Requiem
1073 2869 1222 2921 aeternam.

109 2946 228 3004 Deinde
240 2953 388 3020 repetatur
400 2943 591 3018 Antiphone:
613 2945 652 3000 In
662 2944 845 3015 Paradisum,
855 2951 881 3002 et
894 2953 984 3002 cetera
998 2953 1032 3001 at
1045 2964 1146 3020 supra,
1160 2961 1188 3019 p.
1201 2941 1249 2999 58.

113 3024 230 3095 Quibus
252 3024 345 3094 dictis,
371 3023 451 3080 dicat
472 3022 612 3081 Sacerdos
634 3024 696 3081 eine
717 3023 864 3081 Dominus
885 3025 1045 3098 vobiscum,
1067 3026 1116 3084 sed
1136 3032 1253 3083 matura

71 3125 119 3165 cm
134 3104 262 3161 Oremus
274 3103 382 3160 lunrili
394 3123 464 3160 voce.

114 3183 227 3242 Oratio.
269 3183 331 3240 Piae
345 3181 555 3240 recordationis
568 3182 683 3254 affectu,
694 3191 720 3241 et
733 3190 823 3243 cetera
837 3192 984 3261 utsupra,
998 3205 1026 3262 p.
1043 3184 1089 3244 96.

111 3263 189 3321 Alia
205 3262 385 3320 Orationem
399 3263 532 3320 Oramus.

113 3355 158 3413 Te
186 3354 322 3428 Domine,
350 3361 450 3413 sancte
477 3355 576 3428 Pater,
607 3354 793 3431 omnipotens
821 3364 929 3417 aeterne
959 3357 1050 3432 Deus,
1082 3359 1256 3437 suppliciter

71 3453 249 3515 eprecsmur
261 3453 315 3511 pro
328 3435 436 3510 spiritu
449 3435 550 3493 fratris
570 3435 666 3492 nostri
685 3435 730 3493 uel
747 3438 855 3495 sororis
874 3445 990 3509 nostrie,
1005 3458 1093 3514 quem
1107 3441 1152 3498 ud
1165 3459 1254 3515 quam

82 3514 281 3590 voraginibus
301 3513 390 3589 hujus
410 3515 509 3571 saecrrli
528 3515 663 3572 accersiri
678 3516 803 3591 jussisti,
819 3525 854 3574 nt
870 3518 1009 3594 digneris,
1024 3518 1161 3590 Domine,
1185 3518 1255 3576 dare

71 3600 85 3664 1Ι
105 3594 242 3653 lucidum
263 3594 361 3651 locum
382 3593 527 3670 refrigerii
548 3602 579 3651 et
602 3595 717 3669 quietis.
771 3596 873 3655 Liceat
894 3598 921 3654 ei
942 3598 1070 3654 transire
1091 3603 1192 3672 portus
1213 3598 1257 3653 in·

71 3695 189 3735 erorum
203 3682 234 3731 et
248 3693 347 3750 peenas
367 3674 565 3744 tenebrarum,
579 3681 754 3751 maneatque
768 3676 799 3732 in
813 3676 1014 3734 mansionibus
1034 3681 1212 3744 sanctorum,
1227 3681 1258 3732 et

71 3758 171 3815 uluce
184 3760 286 3811 sancta
306 3773 395 3829 quam
416 3753 488 3810 olim
507 3753 638 3812 Abmhae
658 3754 821 3832 promisisti
840 3760 871 3812 ot
892 3754 997 3812 semini
1019 3755 1089 3829 ejus.
1133 3753 1257 3810 Nullam

71 3837 208 3895 esionem
221 3834 331 3891 sentiat
351 3833 473 3909 spiritus
493 3833 565 3908 ejus,
581 3834 632 3892 sed
652 3854 719 3892 cum
739 3853 864 3911 magnus
884 3834 935 3890 ille
955 3833 1018 3890 dies
1038 3831 1259 3890 resurrectionis

71 3914 222 3986 dvenerit,
238 3913 412 3971 resuscitare
425 3932 492 3970 eum
513 3912 558 3971 vel
577 3933 642 3971 eam
662 3914 791 3990 digneris
811 3933 872 3970 una
891 3932 959 3970 cum
979 3913 1088 3971 sanctis
1108 3917 1139 3968 et
1159 3910 1260 3969 electis

71 3998 127 4063 nis,
143 3993 299 4068 doleasque
315 3994 379 4068 ejus
399 3993 499 4050 omnia
519 3993 627 4052 delicta
646 4000 736 4069 atque
755 3999 874 4068 peccata
894 4012 987 4068 usque
1007 3993 1046 4051 ad
1065 3991 1263 4048 novissimum*

74 4075 264 4142 uadrnntem,
279 4079 434 4148 tecumque
448 4073 681 4130 immortulitatis
702 4080 761 4129 tuse
774 4072 869 4131 vitem
883 4078 914 4131 et
928 4091 1051 4149 regnum
1065 4076 1261 4145 consequatur

71 4144 213 4217 'eternum
257 4151 316 4209 Per
329 4151 482 4210 Christum
496 4152 659 4209 Dominum
674 4159 816 4211 nostrum.
859 4153 967 4212 Amen.

118 4245 236 4304 Finitis
259 4243 450 4303 Orationibus
470 4245 623 4320 aperiatur
646 4242 838 4320 sepulchrum,
860 4253 975 4306 cantore
997 4243 1153 4320 incipietur
1177 4239 1264 4300 Anti·

71 4329 212 4387 ilemm:
232 4324 366 4401 Aperite.

121 4404 271 4466 Psalmis.
314 4402 507 4462 Confitemini
520 4401 650 4460 Domino
664 4401 788 4477 (cxcii.)

643 4481 682 4539 ᾗ
