2768 4852
439 324 626 400 Dominioa
638 331 664 401 i.
678 332 867 401 Adventus.
1197 339 1262 405 135

63 491 149 553 naun
169 513 291 555 curnem
312 495 459 575 suscipere
479 497 621 573 voluisti3
644 505 753 576 preste
773 498 958 578 supplicibus
979 501 1050 576 tuis,
1064 508 1100 562 ut
1120 502 1173 581 qui
1193 522 1263 564 vere

63 607 119 649 rum
132 590 192 651 Dei
202 593 384 672 genetricem
404 593 559 667 credimus,
571 595 637 672 ejus
657 595 737 673 apud
749 600 781 655 te
793 597 1054 658 intercessionibus
1073 599 1258 678 adjuvemur.

63 685 113 747 Per
123 691 252 749 eundem
265 690 421 750 Christum
434 690 601 750 Dominum
613 698 760 752 nostrum.
801 693 912 753 Amen.

110 785 153 846 In
164 788 262 848 cando
274 797 344 848 ante
358 787 489 850 Omnem
532 787 769 866 Responsorimn.

112 884 189 944 Doce
215 885 280 944 dies
309 885 444 958 veniunt,
476 884 551 944 dicit
580 885 738 960 Dominus,
769 894 801 947 et
827 888 977 947 suscitabo
1006 887 1106 946 David
1136 907 1258 968 germen

1102 1036 1253 1046 ——-

106 1116 187 1178 Jnm
195 1137 349 1179 concana
358 1119 399 1178 ad
402 1079 550 1195 popnlnm
556 1117 636 1176 dicat
645 1115 785 1178 Sacerdos
794 1117 829 1176 in
842 1116 945 1194 linono
955 1125 1111 1179 omnnia:
1131 1117 1257 1179 Oremus

63 1217 102 1256 uo
114 1198 273 1257 animabus
287 1198 326 1256 N.
342 1203 374 1257 ct
386 1198 425 1257 N.
440 1217 520 1258 more
537 1197 619 1257 solito
628 1219 642 1268 ,·
662 1206 689 1257 et
696 1205 798 1274 posteo
814 1205 905 1257 verne
924 1218 953 1259 se
970 1197 1118 1273 Sacerdos,
1133 1207 1159 1258 ct
1176 1200 1257 1260 dicat

63 1277 213 1350 ’salmoim
228 1279 276 1337 De
289 1278 452 1356 profundis,
465 1278 635 1356 supradicto
648 1279 755 1338 ncodoe

106 1358 213 1418 Gloria
225 1358 313 1417 Petri
325 1379 393 1417 cnm
405 1358 503 1436 Kyrie
515 1358 643 1437 eleyson.
682 1358 775 1418 Pater
786 1364 895 1418 noster.

105 1439 256 1516 Requiem
270 1443 419 1499 aetemsm.

104 1518 136 1578 A
148 1525 239 1597 poris
250 1518 350 1577 inferi.

105 1598 205 1659 Credo
217 1599 327 1658 videre.

104 1678 259 1738 Dominus
271 1677 433 1738 vobiscum

105 1759 244 1820 Oremus.
290 1758 401 1819 Oratio.

103 1840 248 1912 Absolve,
268 1856 445 1916 quaesumus,
461 1837 590 1897 Domine
609 1838 723 1896 suimus
736 1837 915 1896 famulorum
935 1843 1056 1896 tuorum
1076 1838 1251 1915 pontificum

63 1925 77 1981 i
93 1920 289 1993 secerdotum,
303 1925 335 1978 et
353 1919 469 1978 animes
482 1918 662 1977 famulorum
680 1917 917 1995 famulorumque
935 1923 1064 1991 tuarum,
1083 1924 1250 1996 parentum,

63 2001 297 2069 urocbisnorum,
311 1999 482 2072 amicorum,
495 1998 717 2058 benefactorum
737 2003 963 2072 nostrorumst
983 1998 1096 2057 suimus
1116 1999 1250 2058 omnium

63 2080 176 2141 'nielium
196 2080 405 2139 defunctorum
417 2080 455 2138 ab
475 2079 558 2138 omni
570 2079 690 2138 viuculo
711 2078 905 2152 delictorum3
925 2078 1007 2136 utin
1027 2079 1249 2139 resurrectionis

63 2159 139 2233 ioris
149 2162 232 2221 iuter
244 2166 360 2219 sauctus
373 2159 480 2219 eleetos
493 2165 562 2219 tuos
574 2158 745 2218 resuscitati
758 2159 911 2237 respirent.
955 2159 1021 2218 Per.

107 2240 309 2320 Requiescsnt
320 2241 354 2298 in
367 2259 448 2317 psce.
487 2239 598 2298 Amen.

106 2320 178 2381 Hac
191 2340 292 2399 prens
305 2320 454 2397 pradicm
473 2320 616 2379 dicnmar
635 2320 806 2396 supradicto
826 2319 910 2379 niodo
929 2318 1064 2378 monibus
1083 2318 1249 2379 Dominicis

63 2417 100 2459 »er
110 2421 231 2476 aunum,
253 2401 312 2461 sive
324 2401 359 2460 de
373 2399 531 2460 Dominico
543 2400 602 2459 sice
614 2399 714 2475 aliquo
726 2399 812 2459 Festo
824 2402 865 2475 fit
883 2399 1043 2471 servitium,
1057 2399 1118 2457 nisi
1130 2399 1249 2476 Dopnn

63 2476 136 2542 ueris
141 2504 156 2554 ;
175 2491 203 2543 ci
215 2481 277 2541 nisi
289 2481 324 2540 in
339 2489 420 2541 senta
432 2480 480 2539 dis
493 2500 513 2539 a
522 2479 557 2538 N
555 2479 688 2538 atinitate
701 2479 833 2553 Domini,
849 2487 875 2538 et
888 2480 923 2537 in
938 2479 986 2539 dic
999 2480 1095 2539 sancti
1108 2480 1248 2555 Siincsiei,

63 2560 124 2620 iia
142 2562 302 2623 Dominicis
321 2561 444 2621 emnem
453 2581 467 2631 ,·
487 2569 514 2620 et
534 2559 596 2620 nisi
607 2560 643 2618 in
663 2559 822 2619 Dominica
844 2559 1027 2619 Paimornm.
1079 2558 1102 2616 I
1102 2569 1132 2618 to
1151 2569 1248 2620 tannen

63 2642 123 2701 'uod
132 2643 168 2703 in
180 2642 319 2702 Emissiis
326 2640 546 2719 parochialibus
553 2659 614 2700 non
627 2639 669 2698 ad
681 2639 901 2713 Processionem,
912 2641 962 2699 sed
970 2649 1038 2716 post
1051 2639 1247 2716 annqdinm

63 2721 269 2796 &offertorium
281 2723 450 2799 supradicto
464 2721 548 2780 modo
562 2720 704 2780 dicuntur
723 2729 791 2779 ante
804 2719 926 2795 aliquod
938 2718 1041 2780 ditare
1054 2720 1088 2778 in
1108 2720 1246 2794 Ecclesia,

63 2800 93 2858 si
103 2805 132 2862 in
138 2803 257 2881 pulpita
271 2804 312 2862 ad
324 2802 375 2861 icoc
385 2801 559 2862 constituto:
580 2809 677 2860 tannn
690 2800 829 2859 Psaimns
841 2800 889 2858 De
902 2799 1056 2876 profundis
1069 2820 1137 2858 cnon
1158 2801 1247 2860 Versn

63 2881 220 2943 toeniam
233 2882 376 2954 Absolve,
391 2900 567 2959 quesumus,
582 2880 719 2954 Domine,
735 2900 844 2956 semper
857 2880 891 2938 in
904 2880 1026 2940 statimne
1040 2889 1106 2938 ante
1121 2879 1245 2940 Crucem

63 2976 85 3018 n
99 2963 226 3025 Ecclesia
246 2964 414 3040 supradicto
427 2960 512 3022 modo
534 2961 697 3040 (dicatur),
719 2960 780 3020 nisi
799 2960 833 3019 in
853 2960 1029 3036 andc‘cibns
1049 2960 1145 3018 Festis
1164 2969 1190 3020 et
1211 2961 1245 3019 in

63 3052 121 3102 &ds
145 3045 193 3103 dis
216 3065 237 3103 a
256 3043 420 3103 Natiuitate
446 3041 577 3115 Domini,
606 3051 632 3102 et
655 3041 690 3099 in
716 3041 763 3099 die
789 3041 884 3099 sancti
904 3039 1044 3112 Silvestre,
1069 3040 1188 3116 qnando
1208 3041 1243 3100 in

63 3115 199 3184 )ominica
211 3125 333 3184 evenerit
342 3145 356 3195 ,·
375 3133 403 3183 et
416 3122 477 3182 nesi
489 3123 524 3182 in
537 3121 696 3181 Dominica
710 3121 894 3192 Paimarnm,
910 3129 944 3179 nt
957 3140 1049 3198 supra
1062 3121 1199 3179 disiectus.

102 3205 213 3264 Finitis
232 3204 367 3281 precibus
388 3204 500 3263 intrent
528 3202 665 3273 omrem,
689 3210 804 3261 cantore
830 3201 985 3277 incipiente
1015 3201 1244 3276 Respomoriam

63 3290 194 3344 scientur
218 3284 290 3357 caeli,
315 3294 341 3344 et
367 3292 467 3356 cetera,
490 3303 557 3343 cnm
585 3281 675 3342 Versa
697 3281 743 3340 oei
767 3281 830 3340 sim
859 3280 947 3340 Veron
968 3301 1028 3357 pro
1053 3282 1240 3357 dispositione

63 3365 173 3437 sutoris,
189 3365 312 3424 Orietur
331 3365 364 3422 in
387 3364 491 3422 diebus
515 3364 587 3440 ejus,
607 3372 634 3421 et
654 3371 753 3433 cetero,
773 3362 822 3420 scd
845 3361 906 3421 sion
931 3361 1040 3420 Gloria.
1085 3362 1170 3433 Quod
1184 3382 1241 3439 per

63 3454 131 3506 nam
142 3466 260 3506 ocenum
273 3445 441 3516 observetur,
456 3444 575 3520 qnando
589 3443 700 3501 dicitnr
715 3441 938 3518 Responsorinm
952 3442 986 3500 in
999 3442 1123 3507 introitn
1139 3441 1239 3513 Odon-i,

63 3528 196 3603 totunm
209 3527 336 3598 dmatnr,
358 3524 461 3584 Vernis
474 3532 612 3584 cordatnr
624 3543 645 3581 a
658 3531 716 3581 toto
731 3521 833 3581 Cicero.

95 3607 209 3667 Deinde
222 3606 302 3666 dicat
313 3604 453 3665 Sacerdos
464 3604 507 3664 ad
516 3605 645 3680 pradum
656 3601 744 3665 Obori
757 3602 836 3661 dunc
854 3601 981 3674 Versum,
997 3603 1068 3661 Vox
1082 3600 1237 3660 clementis

63 3706 69 3746 ι
82 3687 206 3747 deserto.

94 3765 330 3846 Respmnooinm.
372 3764 482 3824 Parate
494 3763 575 3822 viam
588 3762 720 3836 Domini,
735 3769 762 3822 et
775 3770 873 3823 cetera.

91 3848 165 3909 Non
187 3845 300 3908 dicitnr
322 3845 470 3905 Dominus
493 3844 646 3903 vobiscum
667 3851 735 3921 post
762 3842 997 3911 Prooemium·
1028 3840 1163 3899 similiter
1183 3858 1239 3916 per

63 3939 128 3989 tnm
141 3947 267 4002 annone,
282 3928 332 3987 sed
345 3935 463 3986 tostam

92 4010 232 4071 Orsmus

88 4090 203 4151 Oratio.
247 4087 365 4160 Emito,
381 4104 559 4163 quesumus,
575 4083 714 4155 Domine,
728 4080 904 4159 potentiam,
919 4087 945 4135 et
959 4086 1057 4135 cetero.

84 4170 207 4231 Deinde
218 4177 265 4229 cat
277 4167 419 4228 Sacerdos
432 4186 500 4227 enm
512 4167 576 4226 snis
589 4163 741 4223 Minionis
754 4162 789 4219 in
803 4157 1001 4220 Oamcterinm
1019 4155 1237 4217 Canonicornm

63 4250 215 4329 capside,
229 4257 256 4308 ct
268 4247 382 4307 mando
401 4246 482 4306 dicat
502 4245 659 4304 Psaimnm
671 4243 719 4301 De
732 4238 896 4320 profundis,
912 4256 979 4296 ιιι-ιιι
993 4235 1131 4298 Oratione
1144 4238 1236 4310 Deus,

63 4338 113 4413 jus
127 4327 328 4401 miseratione,
343 4335 370 4386 ct
384 4335 482 4386 aetna

81 4412 150 4475 Iste
160 4411 266 4470 modas
279 4417 306 4467 st
319 4407 392 4467 ordo
401 4403 599 4467 Processionis
608 4410 738 4462 servetm
745 4396 918 4476 concutior
927 4396 1061 4459 omnibns
1071 4396 1239 4462 Dominicis
