2768 4852
425 310 474 376 In
494 309 618 377 Sancto
640 306 784 376 Sabbato
803 307 951 377 Pusula.

288 494 396 554 Sancte
409 492 543 571 Gregori,
557 511 610 551 oro
622 511 677 569 pro
689 491 786 551 nobis.

287 592 396 651 Sancto
407 590 431 650 J
431 590 570 663 ohannes,
585 608 638 648 ors
650 608 706 667 pro
717 586 813 649 nobis.

287 689 395 749 Sanos
408 687 558 758 Willride,
572 705 625 745 oro
637 705 691 763 pro
704 685 798 746 nobis

246 788 358 847 Omnes
370 786 465 845 sensti
479 784 675 857 Confessores
688 789 772 843 orote
785 802 840 861 pro
854 782 948 842 nobis.

290 884 399 943 Sancte
412 881 543 960 Agathe,
558 900 611 939 ors
622 899 677 959 pro
690 880 786 940 nobis.

290 980 399 1039 Senem
413 981 525 1056 Agnes,
538 997 592 1036 ors
603 996 658 1055 pro
671 976 769 1037 nobis.

290 1076 399 1135 Sancte
412 1074 538 1146 Oaeeilim
553 1094 606 1132 orn
618 1093 672 1151 pro
685 1073 780 1133 nobis

249 1172 360 1230 Omnes
373 1177 481 1230 sunetae
494 1170 646 1248 Virgines,
661 1175 744 1228 orato
756 1188 811 1247 pne
826 1169 923 1229 nobis.

248 1270 359 1331 Omnes
373 1269 484 1342 Sancti,
499 1274 582 1327 orato
595 1287 650 1346 pro
662 1267 756 1325 nobis

287 1561 385 1637 Kyrie
398 1560 524 1637 eleyson
567 1558 686 1618 Christe
699 1559 824 1636 eleyson.

288 1659 407 1717 Christe
420 1658 491 1716 sudi
505 1676 569 1716 nos.

289 1754 399 1813 Sancte
411 1754 508 1831 Virgo
520 1753 681 1830 virginum,
695 1772 747 1812 ors
760 1773 815 1830 pro
829 1752 925 1811 nobis.

290 1851 397 1909 Sancte
412 1851 556 1928 Ropheel,
571 1869 624 1908 ors
634 1869 690 1928 pro
703 1851 800 1908 nobis.

249 1947 359 2006 Omnes
373 1947 469 2005 sancti
481 1947 594 2024 Angeli
606 1952 638 2004 et
651 1945 842 2022 Archangeli,
859 1951 941 2004 orate
955 1965 1009 2022 pro
1023 1946 1113 2004 nobis.

247 2043 357 2102 Omnes
370 2044 466 2102 saneti
480 2043 660 2102 Patrisrehae
674 2049 705 2101 et
719 2042 884 2119 Prophetis,
902 2047 985 2100 orate
999 2062 1051 2119 pne
1064 2039 1148 2099 nobis

288 2141 396 2198 Sancte
410 2140 635 2210 Bartholomaee‚
650 2159 702 2198 ore
715 2159 769 2216 pro
783 2140 879 2218 nobis.

288 2237 395 2295 Sancte
407 2236 430 2295 J
430 2238 529 2308 soobe,
545 2257 598 2295 orn
610 2256 664 2313 pro
677 2237 771 2295 nobis.

288 2334 395 2392 Sancte
409 2334 563 2405 Matthoee,
577 2353 630 2391 ora
642 2353 696 2410 pro
709 2333 805 2392 nobis.

247 2431 359 2491 Omnes
371 2431 467 2488 sancti
481 2430 621 2507 Apostoli
632 2436 664 2488 et
677 2429 885 2508 Evangelistoe‚
898 2437 981 2490 orate
994 2451 1048 2510 pro
1062 2430 1145 2488 nobis

287 2530 394 2586 Sancte
408 2528 560 2600 Vincenti,
577 2547 630 2585 oro.
642 2547 696 2604 pro
711 2528 804 2586 nobis.

286 2626 393 2684 Sancte
407 2626 524 2701 Georgi,
539 2644 591 2682 ora
604 2644 658 2701 pro
672 2625 766 2682 nobis.

286 2722 393 2780 Sancte
407 2722 544 2797 Dionysi,
559 2741 626 2778 oum
640 2722 734 2793 sociis,
748 2740 801 2778 ora
813 2740 867 2797 pro
882 2722 978 2779 nobis.

245 2820 355 2877 Omnes
369 2820 464 2876 saneti
479 2820 637 2894 Martyres,
653 2825 734 2875 erute
749 2838 802 2893 pro
818 2819 910 2876 nobis.

289 2916 396 2974 Sancto
410 2917 589 2991 Augustino,
604 2934 656 2972 ora
669 2935 723 2991 pro
737 2916 832 2973 nobis.

289 3014 396 3072 Sancte
411 3013 570 3084 Willelme,
587 3031 638 3068 ora
652 3032 705 3088 pro
720 3012 815 3069 nobis.

289 3111 395 3167 Sancte
410 3110 582 3181 Outhborte,
598 3127 648 3165 eru
663 3108 823 3184 pronubis

248 3206 358 3264 Omnes
372 3207 466 3264 saneti
481 3206 674 3277 Confessoros,
690 3212 772 3263 orote
785 3224 839 3281 pro
852 3206 945 3264 nobis.

288 3303 397 3360 Sancto
411 3304 511 3373 Lucis,
526 3323 578 3360 ora
591 3322 644 3378 pro
657 3303 750 3359 nobis.

288 3400 397 3456 Sancta
410 3400 583 3470 Petronilla,
599 3419 651 3455 ore
663 3419 716 3474 pro
730 3399 822 3457 nobis.

287 3497 396 3553 Sancta
409 3496 430 3553 J
433 3497 541 3566 uliano,
556 3515 608 3552 orn
622 3515 674 3571 pro
688 3495 780 3552 nobis.

245 3594 356 3650 Omnes
369 3598 478 3651 sanctie
493 3593 642 3668 Virgines,
658 3599 740 3650 orate
755 3612 807 3668 pro
820 3593 922 3650 nobis:

287 3689 396 3746 Omnes
411 3689 520 3760 Sancti,
536 3695 617 3744 orate
631 3708 684 3763 pro
699 3689 792 3746 nobis.

246 3785 398 3860 Propitius
411 3791 492 3843 esto:
512 3804 597 3861 perce
610 3785 704 3856 nobis,
720 3784 855 3844 Domine.

241 3883 294 3940 Ab
307 3884 388 3939 omui
402 3882 488 3954 mulo,
504 3883 598 3940 libero
610 3900 673 3952 nos,
690 3882 833 3940 Domine.

240 3982 292 4039 Ab
305 3981 421 4037 insidiis
435 3979 554 4051 diaboli,
569 3978 662 4036 libere
676 3997 739 4050 noo,
757 3979 893 4035 Domino.

241 4077 300 4135 Per
312 4078 487 4154 mysterium
501 4082 609 4134 senctae
624 4074 842 4132 Inesmatiouis
856 4080 924 4146 tuse,
940 4074 1035 4132 libem
1047 4093 1109 4145 noe,
1124 4059 1233 4129 Domine·

241 4175 300 4232 Per
313 4175 484 4232 Passionem
497 4180 528 4231 et
543 4173 667 4230 Crucem
681 4179 774 4245 tuum,
791 4172 884 4230 libers
897 4191 957 4243 nos,
976 4173 1116 4230 Domine.

239 4271 298 4328 Per
311 4280 443 4329 sanctam
458 4271 715 4329 Resurrectionem
731 4279 824 4343 tuam,
840 4270 932 4328 libem
945 4290 1008 4344 nos,
1025 4270 1157 4329 Domine.

239 4365 299 4426 Per
310 4368 515 4427 admirabilem
533 4369 745 4428 Assensionem
760 4375 853 4443 tuum,
868 4369 961 4428 libere
974 4389 1036 4442 nos,
1052 4367 1178 4427 Domine·
