2768 4852
155 378 197 443 62
531 369 706 458 Ecscquio
728 371 983 459 Dcfmadorcm.

214 555 395 632 Antiplwna.

245 821 278 878 Si
315 818 634 895 in-i-qui·ta·tss

213 947 502 1025 Pammenia.)
907 947 1301 1008 s-v-o-v-A-la

212 1049 261 1106 De
274 1046 429 1123 profundis
442 1044 569 1103 clamavi
582 1044 620 1103 ad
633 1050 673 1116 ta,
687 1043 836 1104 Domine:
858 1044 996 1119 Domine,
1010 1045 1120 1104 cnudi
1138 1065 1244 1106 vocem
1256 1066 1355 1107 meam.

213 1145 304 1203 Fiant
317 1165 402 1202 auras
416 1149 476 1200 tuce
489 1142 688 1215 intendentes,
702 1142 735 1200 in
749 1161 851 1202 vocem
865 1141 1079 1219 deprecationis
1092 1161 1175 1202 meae.

213 1242 247 1299 Si
261 1240 435 1317 iniquitates
449 1238 662 1312 observaveris,
675 1238 804 1297 Domine
819 1259 825 1298 :
847 1238 984 1309 Domine,
997 1240 1065 1316 quis
1079 1240 1251 1300 sustinebit

213 1339 292 1408 Quia
312 1337 392 1414 apud
416 1343 447 1394 te
467 1335 640 1414 propitiatio
662 1343 727 1394 est:
748 1341 779 1394 et
800 1341 922 1413 propter
943 1336 1038 1414 legem
1061 1341 1146 1395 tuam
1168 1337 1298 1398 sustinui
1315 1342 1350 1408 tc,

152 1436 288 1494 Domine.

116 1604 123 1614 ,.
212 1530 363 1590 Sustinuit
376 1529 477 1587 anima
496 1547 563 1586 mea
575 1528 609 1585 in
622 1530 713 1586 vcrbo
726 1529 808 1605 ejus:
828 1528 960 1606 speravit
972 1529 1073 1588 anima
1089 1549 1157 1589 mea
1169 1529 1205 1588 in
1219 1530 1348 1589 Domino.

211 1629 243 1688 A
257 1627 393 1686 custodia
407 1625 555 1684 matutina
569 1645 663 1701 usquc
676 1625 714 1683 ad
727 1630 853 1698 noctem,
868 1631 966 1702 speret
979 1626 1075 1686 Israel
1087 1627 1121 1684 in
1135 1628 1275 1688 Domino

211 1726 291 1796 Quia
304 1723 383 1801 apud
397 1723 562 1781 Dominum
576 1723 783 1797 misericordia,
795 1730 826 1782 et
839 1723 956 1802 copiose
967 1725 1047 1802 apud
1060 1744 1130 1786 cnm
1143 1725 1314 1806 redemptio.

211 1824 253 1881 Et
266 1824 328 1898 ipse
342 1821 469 1879 redimet
483 1820 584 1895 Israel,
600 1840 638 1880 ex
652 1821 790 1879 omnibns
802 1821 1012 1898 iniquitatibus
1025 1823 1097 1900 ejus

209 1970 390 2046 Antiphone.

148 2052 1353 2189 Q,

225 2233 258 2291 Si
286 2232 570 2309 in-i-qui-ta-tes
601 2233 893 2292 observa-voris
928 2233 1117 2306 Do-mi-ne,
1151 2233 1323 2294 Domi-ne

42 2560 48 2569 .
146 2421 602 2575 Q

185 2599 252 2676 quis
290 2596 560 2655 sustine-biti

204 2789 385 2863 Antiphone.

201 3180 341 3238 Prolatae
354 3178 515 3257 (cmvii)
890 3180 917 3235 Ε
934 3179 990 3236 -V
1002 3214 1013 3222 ·
1031 3179 1057 3238 Ο
1076 3215 1087 3223 -
1100 3179 1133 3236 V
1146 3216 1157 3224 -
1172 3182 1204 3239 A
1217 3217 1229 3227 ·
1247 3183 1280 3240 Ε.

202 3278 373 3336 confitebor
393 3276 459 3347 tibi,
475 3274 613 3347 Domine,
629 3275 660 3330 in
681 3274 847 3333 totocorde
867 3294 951 3333 meo:
973 3277 1114 3353 quoniam
1132 3278 1244 3338 audisti
1257 3277 1334 3337 verba

141 3374 201 3432 oris
214 3374 281 3430 mci.

200 3472 240 3528 In
254 3475 411 3545 conspectu
425 3467 611 3546 Angelorum
625 3467 749 3544 psallam
762 3468 836 3527 tibi:
857 3469 985 3528 adorabo
999 3469 1037 3527 ad
1049 3471 1198 3549 templum
1211 3479 1333 3532 ametur

138 3573 234 3637 tuum,
250 3573 281 3622 ot
295 3568 458 3623 confitebor
471 3566 586 3622 nomini
601 3572 661 3625 tu0.

200 3663 295 3738 Super
313 3663 511 3720 misericordia
530 3669 583 3720 tuu
604 3668 635 3720 ct
653 3662 779 3721 veritate
794 3670 864 3720 tua:
886 3664 1027 3739 quoniam
1046 3666 1246 3743 magnificasti
1257 3679 1332 3744 super

138 3781 233 3832 omne,
249 3780 356 3817 nomen
371 3767 507 3818 sanctum
522 3767 616 3819 tuum.

198 3858 235 3915 Iu
251 3877 437 3934 quocumque
451 3857 499 3915 die
512 3857 688 3915 invocavero
702 3863 741 3932 te,
757 3857 866 3917 exaudi
880 3877 926 3917 me
941 3880 947 3919 :
969 3859 1185 3937 multiplicabis
1199 3862 1231 3920 in
1245 3862 1331 3923 anim

137 3975 203 4014 mec
216 3956 369 4012 virtutem.

196 4052 403 4110 Confiteantur
416 4051 482 4122 tibi,
497 4052 634 4126 Domine,
650 4070 752 4110 omnes
765 4072 847 4130 reges
859 4057 946 4111 terroe
960 4075 965 4112 :
987 4053 1058 4131 quia
1070 4055 1234 4116 audierunt
1245 4054 1333 4117 omnis

135 4149 226 4204 verba
239 4149 298 4204 oris
312 4149 365 4207 tui.

196 4247 237 4303 Et
251 4254 372 4305 cantent
386 4249 418 4305 in
432 4248 489 4306 viis
504 4247 647 4308 Domini:
669 4251 810 4326 quoniam
824 4270 931 4328 magua
944 4255 989 4308 est
1002 4250 1097 4327 gloria
1111 4252 1244 4314 Domini

196 4343 344 4410 Quoniam
367 4345 499 4403 excelsus
523 4346 679 4422 Dominae,
702 4354 732 4407 ct
756 4349 883 4407 humilia
905 4348 1041 4426 respicit:
1073 4356 1104 4409 et
1126 4350 1189 4410 alta
1212 4370 1231 4410 a
1255 4351 1334 4429 louge

170 4439 292 4509 anoscit.
