2760 4860
220 321 368 391 Ordines
384 322 565 391 Uactiouis
577 326 746 393 Eatrsmae
759 332 789 393 et
803 325 1003 415 δερεὶίεεω.
1137 330 1218 396 189·

586 608 654 676 111.

9 787 144 851 l'ROM
185 788 284 849 THE
325 787 623 850 PONTIFIOAL
663 791 719 850 IN
761 791 856 851 THE
899 790 1121 851 LIBRARY
1160 792 1218 851 ΟΕ

140 894 390 955 manshun
424 895 625 973 comesu,
660 896 851 958 OXFORD.
905 898 976 957 Suc.
1002 897 1081 956 XII.

404 1076 570 1138 V1s1rsr1o
591 1077 805 1136 Ismeuoauu.

67 1234 181 1294 Fs’nitis
192 1242 298 1312 πορίσω
310 1232 441 1294 Psabnis
454 1234 633 1311 wunsam
645 1255 655 1291 .·

69 1314 168 1392 Kyrie
180 1314 307 1392 eleyson.
349 1314 441 1374 Pater
454 1320 563 1373 noster.
606 1315 647 1372 Et
661 1333 699 1372 ne
714 1333 775 1373 noa.

68 1394 248 1454 deummc
259 1414 387 1457 servum.
430 1395 524 1455 Mitte
536 1394 572 1453 ei.
615 1394 688 1453 Festo
701 1395 737 1468 ei,
753 1394 890 1454 Domine.

68 1475 208 1547 Domine,
222 1475 342 1534 exandi.

69 1555 218 1616 Dominus
231 1556 391 1615 vobiscum
433 1553 568 1615 Ommus.

68 1637 151 1696 Dens
162 1637 218 1714 qui
230 1636 342 1695 famulo
354 1640 409 1694 tuo
422 1635 564 1710 Ezechiae,
580 1644 606 1695 et
620 1645 710 1695 cetera
723 1644 758 1695 ut
771 1656 873 1713 suma,
888 1656 915 1714 p.
932 1638 979 1696 46.

151 1717 159 1731 ⁶
195 1717 357 1791 ,Domina
370 1715 516 1775 famulum
529 1723 624 1789 tuum,
638 1725 665 1774 et
679 1726 770 1776 cetera
782 1726 923 1794 utsupra
936 1718 1049 1778 ibidem.
1079 1719 1214 1780 Oramus.

68 1797 160 1871 Deua,
173 1798 228 1875 qui
239 1797 361 1856 facture
376 1802 445 1867 tuse,
459 1804 486 1855 et
499 1804 590 1855 edera
603 1805 637 1854 ut
651 1817 751 1873 supra,
767 1817 794 1874 p.
812 1798 859 1859 47.
903 1798 1037 1858 Oramus.

52 1875 159 1951 'Deum
174 1879 229 1955 qui
241 1878 380 1948 hnmano,
393 1885 420 1936 st
434 1885 525 1936 cetere
538 1885 686 1953 utsupra,
702 1897 730 1954 p.
748 1876 831 1937 1⁷6&

67 1958 128 2018 llic
139 1957 319 2032 confiteatur,
334 1966 361 2017 et
374 1957 410 2016 ab
423 1957 557 2016 omnihus
570 1956 743 2016 absolvatur.
785 1958 900 2018 Deinde
913 1979 933 2018 a
946 1960 1217 2036 eunctisfratiibus

10 2038 151 2099 meldas·
159 2061 174 2110 ,·
198 2048 225 2099 et
238 2040 343 2098 ε’ίεπεη
357 2037 401 2096 lue
414 2036 532 2097 redacta
547 2038 688 2096 cibantur
697 2062 708 2097 .·

67 2120 202 2181 Oramus.
244 2119 382 2192 Domine,
397 2118 481 2177 Deus
493 2123 595 2176 noster
607 2120 661 2196 qui
674 2119 841 2193 offensione,
857 2128 884 2180 et
897 2128 989 2180 cetere
1002 2130 1038 2180 at
1050 2142 1150 2199 supra.

68 2200 203 2260 Oromua

66 2281 189 2354 Adesto,
199 2280 337 2353 Domine,
346 2278 611 2356 supplicationibus
621 2280 740 2352 nostris,
752 2285 840 2338 etms
851 2282 903 2358 qui
914 2281 1004 2339 etiam
1014 2283 1215 2343 misericordia

10 2360 63 2421 hus
91 2362 187 2420 rimus
199 2360 327 2438 indigeo,
340 2359 500 2419 clementor
513 2359 630 2434 exaudi,
645 2369 671 2420 et
685 2370 776 2420 cetera
790 2370 938 2439 utsupra,
953 2381 983 2439 ρ.
1000 2362 1084 2422 173⁴.

159 2461 205 2500 us.

68 2521 190 2596 Prata,
212 2539 389 2599 quaesumus,
411 2519 548 2592 Domine,
570 2519 640 2579 huic
668 2520 779 2580 famulo
802 2528 856 2581 tuo
877 2523 999 2599 dignum
1031 2525 1214 2600 peanitentiae

10 2598 144 2675 hetam,
158 2610 195 2661 ut
216 2601 344 2660 ecclesiae
363 2605 424 2659 tua
444 2607 552 2659 sanda
573 2620 592 2659 a
611 2601 695 2679 cujus
708 2603 880 2679 integritate
902 2603 1036 2662 deviarat
1056 2607 1211 2682 peccando,

10 2680 198 2742 {dminorum
212 2681 355 2823 regmine
367 2680 510 2740 innoxius
522 2681 641 2740 veniam
655 2683 868 2759 consequendo.
911 2683 971 2742 Per
984 2685 1156 2744 Dominum.

67 2763 126 2822 Hic
137 2763 217 2822 dices
223 2784 235 2822 .·

67 2843 216 2903 Dominus
229 2843 390 2902 vobiscum.
434 2842 568 2900 Oramus.

66 2924 156 2984 Omni
195 2929 262 2982 tens
291 2923 470 3000 sempiterno
497 2924 589 2995 Deus,
617 2923 671 2999 qui
696 2942 750 3000 per
776 2924 898 2983 beatum
924 2926 1091 3002 apostolum
1126 2934 1212 2987 tuum

12 3000 130 3078 dixisti3
277 3010 329 3063 tur
341 3004 408 3080 quia
421 3023 459 3062 ox
472 3004 565 3077 vobis,
580 3012 606 3062 et
620 3012 710 3062 cetera
724 3013 873 3082 utsupra,
888 3025 917 3082 p.
934 3007 999 3065 49!

69 3085 183 3146 lisiardo
196 3086 320 3161 insinues
333 3103 400 3143 sum
413 3084 457 3143 itu
470 3084 611 3143 discredo:

66 3165 124 3225 Per
135 3166 226 3225 istum
238 3165 411 3225 unctionem
425 3172 455 3222 et
469 3183 552 3222 susm
567 3164 729 3241 piissimam
744 3165 974 3225 misericordiam
987 3166 1142 3246 indulgeat
1156 3171 1213 3228 tibi

20 3240 153 3307 Dominus
172 3245 313 3325 quicquid
333 3245 461 3325 peccasti
478 3264 530 3322 per
543 3246 650 3317 visum,
665 3265 718 3323 per
737 3246 882 3320 auditum,
896 3267 949 3325 per
969 3255 1089 3325 gustum
1110 3257 1142 3308 et
1162 3271 1215 3328 por

20 3320 111 3385 illicito
124 3326 223 3399 verbs,
233 3346 286 3404 per
298 3326 464 3397 odoratum,
475 3344 528 3402 per
540 3331 664 3396 tactum,
675 3345 728 3403 per
740 3327 894 3401 incessum,
907 3348 960 3406 per
973 3329 1093 3388 illicitus
1107 3334 1214 3408 cogitn-

20 3406 131 3467 hlioucs
143 3414 177 3466 et
189 3426 244 3485 per
256 3406 391 3465 ardorem
406 3406 547 3464 libidinis.
591 3407 699 3463 Amen.

68 3487 226 3565 Postquam
232 3487 395 3559 institueris,
411 3485 512 3545 ablues
524 3506 631 3545 manue
650 3495 718 3545 snas
727 3509 740 3556 ,·
761 3497 787 3545 et
801 3489 898 3564 ipsam
908 3510 1019 3565 aquam
1032 3493 1084 3551 obi
1098 3493 1211 3565 laseris,

15 3560 94 3636 suein
104 3568 149 3629 uel
159 3568 195 3628 iu
206 3569 303 3644 mmm
313 3566 420 3645 projici
432 3566 477 3626 osi
488 3567 523 3624 iu
535 3567 702 3627 sacrarium
716 3567 831 3644 deserui.
873 3570 988 3631 Deinde
1002 3573 1080 3632 dicas
1089 3597 1099 3632 .·

70 3646 214 3708 Dominus
223 3647 384 3707 vobiscum.
429 3647 562 3706 Oramus.

70 3726 148 3788 Deus
159 3729 334 3803 misericors,
346 3728 429 3788 Deus
442 3727 577 3799 clemens,
591 3735 618 3786 et
632 3738 723 3788 cetera
736 3738 771 3787 ut
784 3750 884 3807 sepau,
900 3749 930 3807 p.
945 3731 993 3791 49.

71 3806 264 3888 Msjesiabsm,
280 3815 373 3882 tuam,
388 3809 518 3869 Domine
532 3809 677 3886 supplices
690 3809 889 3888 deprecamur,
901 3818 937 3870 ut
951 3812 1021 3872 huic
1034 3814 1146 3876 famulo
1160 3822 1214 3875 tuo

26 3876 95 3964 lmsso
116 3889 252 3967 squalore
272 3890 454 3967 penitentiae
482 3897 629 3948 macerato
655 3890 854 3949 miserationis
881 3897 941 3950 tuoe
970 3895 1089 3954 reninm
1113 3897 1215 3974 largiri

28 3959 142 4045 dmum,
163 3977 200 4029 ut
222 3970 353 4047 nuptiali
375 3977 458 4030 veste
481 3976 608 4047 recepte,
630 3970 669 4028 sd
693 3971 820 4048 regalem
843 3991 977 4032 mensam
998 3978 1080 4035 unde
1103 3979 1216 4054 ejectus

29 4038 105 4107 luunt
115 4057 263 4111 moratur
276 4051 408 4111 introire.
454 4051 520 4110 Per.

76 4248 145 4313 *On
176 4254 353 4334 margin-“
364 4256 532 4316 Virtutum.
589 4256 728 4331 Domine,
755 4267 856 4320 sancte
885 4260 985 4323 Pater.
1043 4262 1212 4322 Perveniut.

12 4322 300 4407 ,Alsumminw

12 4454 17 4505 3
78 4410 147 4473 †0n
158 4416 433 4496 margin-“Deus,
447 4417 571 4477 hnmani
584 4418 726 4495 generis?
