2768 4852
407 300 575 366 Mantrate
589 300 636 366 ad
649 321 753 367 ueurn
766 301 903 370 darunt,

87 465 225 523 Deinde
237 464 349 523 dicitur
369 464 533 525 Vereindue
545 465 597 525 tac
610 467 695 526 moda
703 491 714 526 .·
733 467 767 525 A
784 475 871 545 porta
884 467 989 526 inseri:

89 546 195 622 Κεφ.
238 545 329 619 Eme,
346 546 483 619 Domine,
498 547 613 605 animae
626 566 736 605 eorum.

92 642 169 701 *Er
191 643 344 703 aciemn
366 644 505 719 estquod
525 645 757 721 quandocunque
777 665 880 720 corpus
895 666 1026 722 qrroeune
1036 645 1145 721 suerit,
1168 656 1193 706 et
1218 649 1252 707 in

55 724 263 784 treioereariie
289 733 316 783 et
343 724 544 800 triqintalibue
566 724 765 800 episcoporum
791 724 903 784 Sarum
922 726 1065 799 Ecclesia,
1089 737 1115 785 et
1138 728 1172 786 in
1193 729 1251 788 Die

55 806 235 864 reimerum
258 824 355 864 ornnes
379 806 482 864 Verane
506 814 568 863 tarn
590 806 631 862 ad
651 803 777 863 Plocebo
801 825 892 880 quam
915 806 957 864 ad
975 807 1079 883 Dixige
1098 827 1119 865 a
1138 810 1252 868 duobus

55 885 142 945 cerie
149 884 271 960 pariter
283 885 428 944 utentibue
437 886 478 943 ad
488 885 625 944 orientem
635 885 784 956 eonvereie,
796 884 899 943 nabitu
913 906 973 945 non
985 896 1106 959 mutato,
1117 888 1170 946 rub
1185 898 1251 947 tono

55 965 217 1044 prodicta
238 965 644 1038 manutenementum
663 967 900 1041 respondeantur.
943 966 994 1025 Ita
1014 967 1093 1042 qnod
1110 967 1145 1026 in
1164 970 1251 1027 anni-

55 1045 186 1105 rear-tie
202 1053 230 1103 et
250 1046 449 1120 triqintalibue
469 1045 667 1122 episcoporum
687 1055 713 1104 et
733 1046 766 1103 in
786 1045 844 1105 Die
862 1045 1043 1105 Animarum
1063 1049 1104 1105 ad
1121 1050 1252 1122 qradnm

55 1126 133 1186 'aare'
160 1126 200 1183 in
226 1126 328 1199 medio,
357 1135 384 1185 et
403 1126 636 1202 quandocunque
663 1145 767 1202 corpus
792 1146 922 1202 praeene
947 1125 1073 1201 efficerit,
1097 1129 1139 1186 ad
1162 1137 1250 1205 caput

55 1206 182 1284 suncti
194 1206 342 1264 dicantur.
643 1232 645 1236 ·

93 1298 171 1361 rln
185 1299 319 1358 omnibns
331 1318 396 1358 nero
408 1299 478 1357 aliie
491 1299 703 1358 annivereariie
716 1308 743 1358 et
762 1299 961 1372 triqintaiibue
974 1310 1000 1359 et
1014 1302 1133 1378 quando
1146 1302 1250 1361 uitiato

55 1378 245 1439 :seruitium
265 1389 447 1438 mortuorum
467 1389 533 1437 ante
546 1379 672 1451 Paeona,
687 1400 785 1438 onenee
804 1380 908 1439 Vereue
927 1381 963 1439 ab
983 1382 1083 1456 adnuo
1099 1381 1251 1441 Sacerdote

55 1460 197 1539 eperiori
207 1461 307 1534 qradn
326 1460 371 1519 eet
389 1460 426 1518 ab
440 1469 598 1519 exsecutore
618 1460 712 1534 offici-i,
727 1461 786 1518 loco
799 1480 850 1518 neo
863 1459 967 1519 habitu
979 1470 1101 1533 mutato,
1116 1463 1169 1521 cub
1184 1472 1250 1522 tono

55 1538 216 1619 epradicto
229 1540 369 1598 dieantur
377 1565 387 1599 :
408 1548 434 1598 et
448 1549 518 1598 tunc
531 1558 640 1616 eemper
652 1541 822 1616 reapondeat
837 1539 950 1599 Chorue
962 1543 1013 1601 cub
1026 1541 1077 1601 leco
1092 1544 1187 1604 tenor

96 1620 342 1695 Iieeponeorium.
383 1620 472 1692 Erue,
488 1620 627 1695 Domine,
641 1621 755 1678 animos
768 1640 877 1678 eorum.

97 1699 287 1775 Aretepnona.
329 1700 445 1759 Audivi
458 1719 569 1759 vocem.

98 1779 255 1839 Psalmue.
299 1781 482 1858 Magnificat.

100 1871 165 1943 ΣΝ
163 1892 298 1947 unquam
312 1872 493 1948 tirun'ficetur
507 1892 610 1950 corque
630 1873 758 1948 aiicujus
771 1872 902 1949 defuncti
922 1875 962 1930 ad
981 1874 1107 1933 Placebo
1121 1876 1251 1934 Domino

55 1954 81 2013 el
95 1954 142 2012 ad
157 1952 273 2029 Dirige,
289 1953 428 2025 Domine,
442 1955 602 2012 eecundnne
615 1973 704 2011 uenrn
718 1951 856 2025 Serennss

99 2045 289 2121 Antiphone.
340 2046 457 2104 Audivi
470 2065 572 2105 vocem
586 2046 622 2104 do
642 2047 713 2103 caelo
730 2045 894 2105 dicentem:
925 2046 1011 2103 Beati
1026 2048 1138 2104 mortui
1152 2048 1204 2124 qui
1219 2049 1250 2105 in

55 2126 180 2185 >omino
193 2127 370 2184 moriuntur.

103 2206 206 2282 Kyrie
219 2205 344 2281 eleyson.
388 2205 506 2264 Christe
519 2206 643 2283 eleyson.
689 2207 785 2282 Kyrie
799 2206 925 2282 eleyson.

101 2286 199 2343 Pater
211 2293 319 2344 noster.
363 2286 478 2345 Deinde
492 2287 554 2345 eine
567 2288 820 2362 pronuntiatione,
837 2287 877 2343 Et
891 2306 928 2343 ne
942 2305 1004 2343 noe.

102 2366 238 2425 Dicatur
250 2366 302 2424 iete
315 2366 455 2425 Peatmue
468 2367 530 2425 eine
543 2376 614 2425 nota
624 2391 633 2426 :
654 2366 758 2424 Lauda
771 2367 870 2423 anima
884 2386 949 2423 men
962 2365 1071 2442 (cute.)

102 2457 211 2517 Finito
224 2457 353 2530 Psalmo,
365 2457 445 2517 dicat
458 2458 608 2529 Sacerdos,
620 2458 680 2517 loco
689 2479 740 2518 nec
748 2458 849 2517 nabitu
858 2466 980 2531 mutato,
996 2456 1173 2516 Vereicrdurn
1187 2477 1196 2514 :

55 2541 72 2597 '.
104 2538 256 2613 Requiem
269 2545 410 2596 aeternem
424 2538 502 2596 dona
515 2539 566 2611 eie,
581 2539 717 2597 Domine.

145 2618 188 2675 Et
200 2617 255 2675 lux
270 2624 412 2695 perpetuu
425 2618 523 2676 lucent
537 2619 587 2677 eie.

101 2700 135 2757 A
150 2704 238 2775 porto
250 2698 357 2756 inferi:

145 2778 234 2850 Erue,
251 2779 389 2851 Domine,
404 2778 519 2836 enimes
532 2798 643 2837 eorum.

101 2859 201 2918 Credo
214 2860 316 2917 videre
330 2859 407 2917 bone
420 2859 562 2918 Domini:

144 2939 183 2996 In
198 2946 279 2997 term
291 2940 468 2999 viventium.

102 3020 254 3078 Dominus
268 3020 429 3078 vobiscum.
474 3019 597 3078 Etcum
611 3017 718 3094 spiritu
734 3024 793 3076 tuo.

101 3112 265 3172 Sciendum
287 3120 328 3169 eet
349 3112 427 3186 quod
448 3110 681 3187 quandocunque
706 3130 809 3186 corpne
829 3111 910 3168 adeet
924 3131 1054 3186 presens
1074 3108 1136 3167 rn'si
1146 3107 1246 3184 fuerit

55 3193 180 3269 aiecopi,
201 3191 286 3266 reqie,
309 3192 416 3266 reqinae
435 3192 481 3250 nd
498 3191 621 3250 alteriue
640 3192 797 3266 rnaqnatie,
818 3211 928 3267 eenrper
947 3192 1086 3249 dicantur
1106 3191 1159 3249 neb
1180 3199 1246 3249 tono

55 3264 174 3352 iquenti
186 3280 213 3331 et
225 3272 279 3330 eut
292 3291 355 3329 una
368 3271 548 3330 conctueione
563 3281 624 3329 tarn
638 3273 678 3329 nd
692 3272 817 3330 Plaoebo
831 3292 921 3347 quam
934 3272 975 3329 ad
989 3272 1094 3348 Dirige
1107 3280 1247 3347 quattuor

55 3354 207 3423 traciana,
218 3372 347 3427 quarum
355 3352 459 3427 prinut
471 3352 511 3409 eit
519 3372 576 3427 pro
591 3371 705 3427 corpore
713 3353 854 3428 prasenti
860 3374 873 3422 ,·
894 3352 1083 3428 secundaque
1093 3352 1246 3428 epiecopie;

55 3435 131 3494 ertia
140 3452 200 3509 pro
207 3431 359 3505 fratribm
379 3440 405 3490 et
424 3433 591 3503 sororibua,·
612 3442 638 3491 et
651 3441 760 3507 quarta
771 3432 921 3508 qeneralie.
963 3432 999 3491 Si
1012 3452 1077 3491 nero
1090 3433 1186 3490 eodem
1200 3433 1247 3491 die

56 3517 102 3575 ier
111 3513 336 3572 annivereariue
345 3511 390 3571 oet
403 3512 552 3587 triqr'ntale
565 3513 692 3588 alicujus
705 3533 766 3570 nan
775 3513 944 3588 conqrieturn
958 3512 1116 3587 contiqerit,
1130 3521 1198 3569 tunc
1208 3512 1247 3569 eit

55 3595 172 3655 ecunda
186 3592 289 3651 Oratio
298 3613 356 3668 pro
369 3592 420 3651 ito
433 3593 635 3652 anniuersario
655 3592 700 3650 vel
719 3593 874 3668 triqintaii,
890 3593 975 3650 tertia
989 3612 1043 3667 pro
1055 3590 1208 3663 fratribue
1221 3600 1247 3648 et

55 3673 199 3744 northen,
214 3682 241 3731 et
254 3682 363 3748 quarta
381 3673 531 3747 qeneratie.
574 3673 616 3730 It't
636 3673 664 3732 ci
684 3673 832 3748 truintale
851 3672 942 3730 eimul
960 3690 1027 3727 curn
1047 3669 1247 3729 anniuersario

55 3757 139 3816 edem
152 3753 201 3810 die
215 3754 374 3828 eontiqerit,
390 3761 460 3811 tuno
473 3752 512 3811 eit
529 3754 657 3812 eccunda
672 3752 774 3812 Oratio
788 3772 847 3829 pro
860 3750 911 3809 ttto
925 3747 1079 3824 triqintali,
1096 3747 1181 3805 tertia
1189 3768 1247 3823 pro

55 3833 253 3906 nnivereare'o,
269 3842 295 3891 et
308 3841 417 3908 quarta
427 3833 577 3908 qeruratie.

100 4066 118 4097 ὕ
141 4065 207 4124 MS.
227 4065 452 4124 inserte—“In
481 4065 598 4141 Viqe'liir
623 4066 812 4124 Mortuerum
847 4061 939 4118 trinrn
969 4059 1140 4118 Lectionum
1167 4064 1250 4115 entra

55 4166 157 4224 :mpetu
177 4146 298 4205 Pardua
322 4166 420 4205 ornnee
443 4146 584 4205 Versicuti
603 4166 624 4203 a
643 4145 794 4204 Sacerdote
823 4149 980 4200 exsecutore
1006 4139 1099 4212 officii,
1121 4138 1179 4197 loco
1199 4157 1251 4195 nec

56 4229 149 4288 nbitu
169 4235 290 4299 mutato,
312 4227 376 4285 eine
395 4235 466 4285 nota
487 4226 638 4285 dicuntur.
681 4224 764 4282 Nam
778 4232 848 4282 tunc
865 4229 957 4280 totum
977 4217 1127 4278 seruitium
1139 4217 1251 4277 dieder

55 4333 71 4370 e
86 4315 232 4368 conventu
244 4307 306 4366 eine
318 4305 415 4366 ηοω

100 4395 121 4454 †
134 4387 200 4448 Om.
216 4386 281 4445 MS.
611 4382 706 4459 ssOm.
722 4382 787 4442 MS.
