2760 4860
365 279 712 348 Manualeoelusum
725 281 861 349 Sarum
1164 286 1225 349 65*

10 447 88 508 Tres
100 445 216 505 ultima
228 445 375 507 Mutuus
387 447 423 506 in
435 446 581 523 superiori
597 446 697 523 produ
716 448 814 508 eodem
833 448 919 507 modo
939 467 1013 506 cum.
1026 448 1089 508 nris
1101 449 1227 526 Respon-

10 527 104 588 soriis
116 527 265 586 dieantur.
308 526 361 586 Ito
380 536 479 587 tunm
498 528 578 603 quod
597 529 741 588 secundus
759 529 864 588 Versus
879 528 980 586 ultimi
992 529 1180 606 Respomorii
1192 529 1227 589 in

10 609 114 668 eodm
131 609 233 683 produ
251 627 287 667 ee
305 607 436 685 opposito
458 607 585 667 dicotur.
629 609 747 668 Tertius
767 609 906 668 similiter
926 629 960 668 soc
976 618 1064 685 porte
1087 609 1180 671 Ultori
1192 610 1228 670 iu

10 689 114 748 eodm
125 688 226 763 produ
239 689 360 747 dicotur
368 713 379 748 :
398 697 499 761 cetera,
512 697 548 746 ut
556 689 734 764 preelectum
746 698 794 762 eet,
809 698 878 748 sunt
891 690 1080 765 sesequendo.
1262 732 1265 737 -

75 767 141 827 Iste
152 770 259 827 modus
273 768 386 828 rer-citii
406 777 589 828 mortuorum
609 768 705 829 locum
723 769 807 829 labet
827 770 861 829 in
881 771 963 829 omni
983 771 1187 832 anniuersario
1200 779 1226 831 ec

10 848 177 926 triqintoli,
186 858 255 927 post
262 850 400 926 primum
412 849 491 908 diem
504 849 672 924 triqintolis.

76 928 123 987 Ire
134 930 339 989 anniversario
353 938 452 989 tomus
466 929 595 1006 sineplici
615 928 824 989 canonicorum
842 930 984 989 ultimum
998 930 1226 1008 Resporuorium

10 1030 32 1070 a
40 1011 161 1071 decom
169 1010 358 1086 desuperiori
368 1011 469 1085 produ
481 1010 600 1068 dicotur
612 1011 655 1068 ael
665 1011 795 1086 proclum
806 1010 905 1083 Obori,
915 1011 1018 1071 liabitu
1027 1032 1089 1071 non
1101 1020 1224 1088 mutato,

10 1110 84 1153 eum
96 1091 163 1150 suis
175 1091 270 1150 trilrru
287 1090 428 1150 Versibus.

75 1169 122 1230 In
141 1172 247 1248 primo
272 1190 388 1247 quoque
414 1170 464 1230 die
487 1169 649 1248 tripintolis
675 1169 817 1247 simplicis
844 1169 991 1230 cononici
1017 1173 1113 1231 eodem
1140 1173 1225 1232 modo

10 1251 160 1312 ultimum
173 1252 400 1328 Respmuorium
413 1251 540 1324 dicotur,
554 1253 605 1310 scol
619 1260 716 1310 tomen
724 1260 792 1328 post
805 1251 947 1310 ultimum
967 1252 1086 1310 l'ersum
1100 1252 1226 1328 Respon-

10 1332 90 1393 eorii
103 1332 230 1408 stipsis
243 1331 423 1391 Camertem
435 1331 478 1390 at
490 1330 620 1408 predum
633 1331 734 1391 'Ultori
752 1340 901 1409 repetatur
914 1333 1150 1408 Iterponsorium,
1166 1340 1191 1391 et
1205 1353 1225 1390 a

13 1411 117 1473 Gnoro
131 1420 327 1489 percontetur.
368 1411 516 1471 Proeterea
535 1421 616 1471 sexto
635 1412 731 1471 Lectio
751 1412 786 1470 in
806 1413 952 1488 superiori
969 1414 1069 1488 produ
1090 1433 1156 1472 curn
1171 1433 1224 1473 suo

11 1493 211 1570 Roponnrto
223 1493 350 1552 diceet-ur.

76 1572 122 1632 In
134 1573 348 1632 anniuersariis
364 1592 431 1632 cero
450 1572 726 1632 archidiaconorum
745 1580 772 1631 et
792 1572 1038 1632 subdiaconomm
1051 1572 1096 1632 ml
1110 1592 1224 1633 succen-

13 1665 119 1715 rorum
130 1655 235 1713 modus
247 1653 427 1730 moitiijlot
439 1653 515 1713 simet
527 1654 563 1712 in
570 1653 670 1730 primo
685 1652 833 1728 triqintoli
845 1653 985 1730 sinplicis
999 1652 1151 1714 Canonici.

75 1733 122 1794 Iu
151 1735 354 1793 anniversario
382 1742 544 1805 contorum,
574 1733 835 1806 thesaurariorum,
866 1733 1116 1806 cancellariorum,
1138 1734 1223 1794 Anei-

10 1815 123 1895 plsonae
135 1834 201 1891 quoe
213 1815 249 1873 in
257 1812 438 1891 sinmle'cibus
456 1813 571 1890 Vipiliis
583 1813 674 1873 solent
687 1833 744 1873 esee
758 1814 791 1871 in
804 1814 904 1890 primo
913 1814 1028 1888 forino,
1043 1817 1077 1873 in
1096 1817 1224 1875 secundo

10 1896 118 1974 formo
130 1896 311 1968 sucurram,
325 1895 425 1954 ceteris
437 1903 472 1952 ut
485 1895 519 1952 in
532 1895 580 1953 die
595 1894 796 1969 tripintolibus
809 1895 844 1952 de
859 1893 1012 1954 Gouorsico.

77 1976 123 2036 Iu
143 1975 357 2035 anniversariis
380 1975 485 2034 decani
507 1974 603 2033 simile
622 1974 774 2034 seruitium
794 1976 954 2033 observetur
973 1976 1052 2050 quod
1072 1977 1107 2033 de
1126 1976 1225 2035 ceteris

10 2058 159 2136 personis,
172 2066 287 2134 eccepto
306 2056 386 2132 quod
407 2056 493 2114 tertio
512 2054 609 2113 Lectio
630 2056 664 2112 in
685 2055 813 2114 secundo
824 2054 940 2130 formo,
954 2055 1061 2129 quinto
1081 2056 1178 2115 Lectio
1190 2056 1225 2115 in

13 2139 166 2216 superiori
176 2137 275 2213 produ
288 2157 355 2195 cum
367 2156 421 2195 suo
434 2134 627 2212 Responsorio
641 2135 768 2193 dicatur.

78 2219 126 2278 De
141 2218 277 2294 personis
297 2235 364 2276 uero
383 2215 518 2276 ecclesio
537 2216 572 2274 in
592 2215 735 2292 episcopos
749 2215 893 2291 promotis
905 2215 940 2272 in
954 2215 1023 2273 aliie
1040 2215 1223 2290 L'ccleriisfit

13 2299 170 2360 servitium
183 2299 217 2356 in
230 2318 331 2357 eorum
344 2295 557 2356 anniversariis
568 2295 661 2372 juxto
681 2296 838 2371 dipnitotis
857 2315 917 2354 suoe
936 2295 1118 2371 munitium,
1133 2315 1224 2373 quam

14 2388 86 2440 ente
94 2379 309 2456 proruotionem
321 2379 356 2436 in
369 2377 499 2436 Ecclesia
512 2376 728 2437 Sauslreriensi
741 2375 914 2435 lobecerunt.

80 2462 127 2520 De
140 2459 210 2518 aliis
229 2479 295 2518 cero
316 2457 455 2535 episcopis
474 2457 618 2516 sutrensis
638 2466 665 2515 et
680 2477 739 2533 pro
752 2457 868 2532 repibus
882 2477 940 2533 pro
961 2455 1068 2531 quibus
1079 2458 1120 2532 fit
1139 2456 1226 2516 servi-

18 2541 106 2613 tium,
121 2559 153 2599 eo
166 2540 319 2616 modojlot
331 2559 389 2616 quo
402 2540 437 2597 in
450 2538 663 2598 anniversariis
677 2537 823 2597 Uononici
836 2537 984 2613 simplicis.

79 2621 241 2681 Sciendum
261 2630 359 2678 tomen
378 2627 419 2677 eet
438 2619 517 2694 quod
537 2619 573 2677 de
587 2618 657 2676 aliis
676 2618 854 2677 solummodo
867 2622 908 2692 fit
928 2617 1080 2676 seruitium
1092 2617 1127 2676 in
1139 2617 1225 2676 onni-

19 2701 158 2762 oersoriis
172 2701 225 2775 qui
238 2701 408 2759 scribuntur
421 2700 455 2757 in
468 2698 641 2774 mortilopio.

79 2782 241 2842 Sciendum
264 2789 362 2839 autem
385 2779 527 2854 estquod
548 2780 583 2837 in
605 2778 819 2837 onreiversoriis
845 2787 985 2854 quattuor
1007 2776 1224 2854 principalium

16 2882 211 2939 personarum
229 2861 408 2921 excellentior
425 2859 565 2919 Sacerdos
582 2860 747 2934 exsequitur
760 2859 893 2934 officium
936 2859 1099 2934 Episcopus
1112 2877 1176 2916 vero
1190 2859 1224 2915 iu

21 2943 234 3002 anniversariis
254 2942 451 3017 episcoporum
466 2940 709 3016 predecessorum
729 2939 855 3014 officium
868 2940 1040 3014 exsequitur.
1084 2937 1125 2996 In
1138 2939 1224 2996 onni-

19 3023 160 3083 rersariis
180 3031 207 3081 et
228 3022 429 3098 trrpiutolilrus
449 3022 647 3097 cpiscoporum
670 3020 781 3079 Sarum
803 3020 936 3078 L'cclesioe
960 3028 1053 3078 totum
1072 3019 1223 3078 seruitium

20 3104 162 3164 discurrit
181 3122 258 3162 more
272 3102 410 3178 Duplicie
423 3101 503 3160 Festi
516 3101 621 3159 scilicet
638 3099 788 3158 Jolonnis
808 3101 970 3177 Baptistae:
990 3100 1108 3159 nolitne
1128 3109 1224 3158 tomen

20 3207 79 3244 non
100 3193 233 3242 mutetur
255 3183 290 3240 in
313 3183 430 3258 leyendo
457 3181 501 3239 uel
523 3182 679 3239 contendo.
732 3181 844 3240 Tubulo
868 3182 957 3239 etiam
980 3182 1015 3239 de
1039 3181 1224 3240 Lectionibus

19 3265 147 3343 leqenelis
167 3274 193 3323 et
213 3263 417 3340 Responsoriis
440 3263 597 3321 cantandis
621 3262 790 3337 disponitur
810 3262 885 3320 siout
909 3263 943 3319 in
962 3263 1104 3337 proedicto
1128 3261 1221 3332 Festo,

18 3354 131 3422 eccepto
158 3346 237 3420 quod
266 3344 385 3403 nullum
412 3343 640 3419 Bosporuorium
667 3362 687 3399 u
715 3343 808 3401 tribus
835 3351 981 3414 cantatur,
1010 3343 1072 3400 nisi
1101 3364 1221 3402 nonum.

16 3427 155 3487 Tertium
174 3445 295 3500 quoqne,
308 3433 430 3495 sectum,
449 3433 475 3482 et
497 3443 608 3481 nonum
622 3431 768 3497 repetatur
781 3422 817 3480 ol
831 3423 891 3480 illis
905 3423 1014 3481 clericis
1032 3425 1085 3498 qui
1105 3424 1224 3483 Versum

14 3506 208 3585 Respousorii
222 3513 420 3564 contorserunt.
464 3503 611 3562 Lectiones
624 3523 689 3561 vero
709 3523 770 3561 non
788 3503 821 3561 iu
840 3503 959 3579 pulpito
977 3504 1026 3562 secl
1040 3505 1081 3562 od
1096 3506 1225 3580 pradum

13 3587 113 3649 oncri
127 3605 216 3662 super
228 3585 400 3644 Lectrinum
414 3584 556 3660 leuantur.
599 3584 759 3642 Exsecutor
773 3592 870 3641 tamen
883 3583 969 3658 officii
985 3585 1019 3640 in
1035 3584 1226 3643 Orationibus

10 3667 152 3729 dicendis
165 3666 261 3724 locum
274 3685 335 3724 non
348 3674 439 3723 mutet
452 3685 502 3723 neo
516 3664 656 3722 nocitum.
695 3663 799 3723 Omnes
813 3673 911 3722 autem
932 3664 1071 3722 Versiculi
1084 3665 1226 3724 <licentur

10 3760 39 3810 et
53 3746 292 3825 respondeantur
305 3747 358 3805 sub
372 3747 468 3804 eodem
482 3754 556 3816 tono,
573 3765 629 3820 quo
648 3745 681 3802 in
696 3745 789 3803 tribus
807 3745 938 3803 noctibus
956 3753 1022 3802 oute
1036 3744 1161 3817 Pascha,
1175 3745 1227 3804 secl

10 3834 46 3890 iu
63 3828 224 3888 audientia
237 3845 298 3885 non
310 3827 548 3902 respondeantur.

77 3909 124 3966 In
137 3907 271 3965 ornnrlrus
283 3907 354 3965 aliis
366 3905 579 3965 anniversariis
592 3915 618 3963 et
633 3905 833 3980 tripintalibus
842 3905 945 3979 prima
956 3903 1128 3979 Antiplrona
1138 3924 1226 3981 super

10 3991 152 4070 primum
177 3987 333 4045 Psalmum
356 3989 397 4046 od
421 3987 547 4044 Plucobo
570 3986 604 4043 in
627 3986 774 4061 superiore
795 3985 894 4060 produ
914 3984 1069 4042 inclroetur.
1119 3983 1226 4045 Oeteroe

10 4089 117 4133 omnes
141 4067 319 4144 Antipleonee
342 4068 376 4137 in
399 4067 527 4125 secundo
541 4065 648 4142 formu
671 4066 841 4124 diener-rant
863 4086 920 4140 per
946 4065 1086 4135 orditum,
1111 4076 1226 4142 excepta

10 4148 195 4227 Antiphone
204 4168 293 4226 super
303 4147 457 4205 Psalmum
469 4147 652 4224 Magnifioat,
665 4155 691 4204 et
701 4147 803 4222 primo
814 4146 985 4222 Antiphone
995 4165 1083 4220 super
1091 4146 1226 4221 primum

10 4231 178 4293 Psolrnurn
198 4231 238 4287 ael
259 4229 373 4304 Dirige,
389 4238 415 4287 et
424 4229 527 4304 pri-mo
540 4227 713 4303 Antiplsono
733 4228 773 4285 ael
787 4227 904 4286 Laudes
917 4236 943 4285 et
957 4227 1127 4301 Ante'plzono
1141 4246 1228 4303 super

10 4310 212 4381 Benedictus,
227 4328 292 4385 ques
306 4309 340 4366 iu
353 4309 499 4384 superiore
511 4308 611 4383 produ
626 4307 804 4366 discurrant.
847 4306 904 4366 Sex
913 4308 1019 4384 primos
1033 4305 1180 4366 Lectiones
1192 4309 1227 4367 in

10 4388 259 4465 secundaforma
272 4388 407 4466 leuantur
428 4388 486 4449 loco
506 4409 559 4447 nec
578 4388 681 4447 lubitu
694 4396 815 4446 necetoto.
864 4387 966 4448 Versus
979 4407 1090 4464 quoqne
1108 4386 1229 4467 Respon-

601 4469 641 4527 g*
